price,quantity,type,timestamp
37036000,0.1944,0,2022-05-25 00:00:00.509966
37027000,0.0174,0,2022-05-25 00:00:00.509966
37026000,0.5163,0,2022-05-25 00:00:00.509966
37022000,0.4698,0,2022-05-25 00:00:00.509966
37017000,0.0312,0,2022-05-25 00:00:00.509966
37040000,0.3094,1,2022-05-25 00:00:00.509966
37042000,0.0003,1,2022-05-25 00:00:00.509966
37044000,0.3853,1,2022-05-25 00:00:00.509966
37045000,0.002,1,2022-05-25 00:00:00.509966
37047000,0.05,1,2022-05-25 00:00:00.509966
37036000,0.1944,0,2022-05-25 00:00:01.563835
37027000,0.0174,0,2022-05-25 00:00:01.563835
37026000,0.5163,0,2022-05-25 00:00:01.563835
37022000,0.4698,0,2022-05-25 00:00:01.563835
37017000,0.0312,0,2022-05-25 00:00:01.563835
37040000,0.3094,1,2022-05-25 00:00:01.563835
37042000,0.0003,1,2022-05-25 00:00:01.563835
37044000,0.3853,1,2022-05-25 00:00:01.563835
37045000,0.002,1,2022-05-25 00:00:01.563835
37047000,0.05,1,2022-05-25 00:00:01.563835
37047000,0.2266,0,2022-05-25 00:00:02.624024
37042000,0.9968,0,2022-05-25 00:00:02.624024
37038000,0.057999999999999996,0,2022-05-25 00:00:02.624024
37037000,0.0487,0,2022-05-25 00:00:02.624024
37036000,0.0782,0,2022-05-25 00:00:02.624024
37060000,0.1339,1,2022-05-25 00:00:02.624024
37062000,0.0844,1,2022-05-25 00:00:02.624024
37064000,0.9895,1,2022-05-25 00:00:02.624024
37069000,0.1343,1,2022-05-25 00:00:02.624024
37071000,0.2473,1,2022-05-25 00:00:02.624024
37027000,0.0174,0,2022-05-25 00:00:03.674254
37026000,0.0522,0,2022-05-25 00:00:03.674254
37024000,0.0307,0,2022-05-25 00:00:03.674254
37023000,0.6,0,2022-05-25 00:00:03.674254
37010000,0.0723,0,2022-05-25 00:00:03.674254
37045000,1.135,1,2022-05-25 00:00:03.674254
37047000,0.1325,1,2022-05-25 00:00:03.674254
37058000,0.2757,1,2022-05-25 00:00:03.674254
37060000,0.6305,1,2022-05-25 00:00:03.674254
37061000,0.1407,1,2022-05-25 00:00:03.674254
37027000,0.0174,0,2022-05-25 00:00:04.722067
37026000,0.0522,0,2022-05-25 00:00:04.722067
37024000,0.0307,0,2022-05-25 00:00:04.722067
37011000,0.5393,0,2022-05-25 00:00:04.722067
37010000,0.0723,0,2022-05-25 00:00:04.722067
37043000,0.0311,1,2022-05-25 00:00:04.722067
37045000,1.135,1,2022-05-25 00:00:04.722067
37047000,0.1498,1,2022-05-25 00:00:04.722067
37058000,0.2757,1,2022-05-25 00:00:04.722067
37060000,0.6305,1,2022-05-25 00:00:04.722067
37027000,0.0174,0,2022-05-25 00:00:05.798326
37024000,0.0307,0,2022-05-25 00:00:05.798326
37011000,0.6,0,2022-05-25 00:00:05.798326
37010000,0.0723,0,2022-05-25 00:00:05.798326
37008000,0.0309,0,2022-05-25 00:00:05.798326
37041000,0.6992,1,2022-05-25 00:00:05.798326
37043000,0.0311,1,2022-05-25 00:00:05.798326
37045000,1.135,1,2022-05-25 00:00:05.798326
37047000,0.1498,1,2022-05-25 00:00:05.798326
37056000,0.6657,1,2022-05-25 00:00:05.798326
36939000,0.2184,0,2022-05-25 00:00:06.855510
36937000,0.4272,0,2022-05-25 00:00:06.855510
36934000,0.5909,0,2022-05-25 00:00:06.855510
36933000,0.1485,0,2022-05-25 00:00:06.855510
36925000,0.039,0,2022-05-25 00:00:06.855510
36956000,0.03,1,2022-05-25 00:00:06.855510
36957000,0.5499,1,2022-05-25 00:00:06.855510
36958000,0.0003,1,2022-05-25 00:00:06.855510
36959000,0.0003,1,2022-05-25 00:00:06.855510
36963000,0.057999999999999996,1,2022-05-25 00:00:06.855510
37027000,0.0174,0,2022-05-25 00:00:08.056605
37024000,0.0307,0,2022-05-25 00:00:08.056605
37016000,0.057999999999999996,0,2022-05-25 00:00:08.056605
37010000,0.0723,0,2022-05-25 00:00:08.056605
37008000,0.0309,0,2022-05-25 00:00:08.056605
37039000,0.537,1,2022-05-25 00:00:08.056605
37040000,0.1402,1,2022-05-25 00:00:08.056605
37041000,0.6992,1,2022-05-25 00:00:08.056605
37043000,0.0311,1,2022-05-25 00:00:08.056605
37045000,1.135,1,2022-05-25 00:00:08.056605
37008000,0.0309,0,2022-05-25 00:00:09.111042
37006000,0.0504,0,2022-05-25 00:00:09.111042
37005000,0.001,0,2022-05-25 00:00:09.111042
37001000,0.083,0,2022-05-25 00:00:09.111042
37000000,0.0012,0,2022-05-25 00:00:09.111042
37023000,0.1071,1,2022-05-25 00:00:09.111042
37025000,0.0205,1,2022-05-25 00:00:09.111042
37026000,0.0477,1,2022-05-25 00:00:09.111042
37027000,0.1111,1,2022-05-25 00:00:09.111042
37028000,0.048,1,2022-05-25 00:00:09.111042
37010000,0.1303,0,2022-05-25 00:00:10.159458
37008000,0.0309,0,2022-05-25 00:00:10.159458
37005000,0.001,0,2022-05-25 00:00:10.159458
37004000,0.6,0,2022-05-25 00:00:10.159458
37002000,0.0519,0,2022-05-25 00:00:10.159458
37023000,0.0547,1,2022-05-25 00:00:10.159458
37025000,0.0205,1,2022-05-25 00:00:10.159458
37026000,0.0778,1,2022-05-25 00:00:10.159458
37027000,0.1111,1,2022-05-25 00:00:10.159458
37028000,0.048,1,2022-05-25 00:00:10.159458
37010000,0.1303,0,2022-05-25 00:00:11.206643
37008000,0.0309,0,2022-05-25 00:00:11.206643
37005000,0.001,0,2022-05-25 00:00:11.206643
37002000,0.0519,0,2022-05-25 00:00:11.206643
37001000,0.083,0,2022-05-25 00:00:11.206643
37025000,0.0205,1,2022-05-25 00:00:11.206643
37026000,0.0778,1,2022-05-25 00:00:11.206643
37027000,0.1111,1,2022-05-25 00:00:11.206643
37028000,0.40299999999999997,1,2022-05-25 00:00:11.206643
37037000,0.5099,1,2022-05-25 00:00:11.206643
37023000,0.0001,0,2022-05-25 00:00:12.271782
37010000,0.1303,0,2022-05-25 00:00:12.271782
37008000,0.0309,0,2022-05-25 00:00:12.271782
37005000,0.001,0,2022-05-25 00:00:12.271782
37002000,0.0519,0,2022-05-25 00:00:12.271782
37025000,0.0205,1,2022-05-25 00:00:12.271782
37026000,0.0778,1,2022-05-25 00:00:12.271782
37027000,0.1111,1,2022-05-25 00:00:12.271782
37028000,0.40299999999999997,1,2022-05-25 00:00:12.271782
37037000,0.5099,1,2022-05-25 00:00:12.271782
37023000,0.0001,0,2022-05-25 00:00:13.320084
37010000,0.1303,0,2022-05-25 00:00:13.320084
37008000,0.0309,0,2022-05-25 00:00:13.320084
37005000,0.001,0,2022-05-25 00:00:13.320084
37002000,0.6519,0,2022-05-25 00:00:13.320084
37025000,0.0205,1,2022-05-25 00:00:13.320084
37026000,0.0301,1,2022-05-25 00:00:13.320084
37027000,0.0544,1,2022-05-25 00:00:13.320084
37028000,0.40299999999999997,1,2022-05-25 00:00:13.320084
37037000,0.5099,1,2022-05-25 00:00:13.320084
37027000,0.2723,0,2022-05-25 00:00:14.373898
37023000,0.0001,0,2022-05-25 00:00:14.373898
37022000,0.0808,0,2022-05-25 00:00:14.373898
37020000,0.0271,0,2022-05-25 00:00:14.373898
37018000,0.0525,0,2022-05-25 00:00:14.373898
37034000,0.0325,1,2022-05-25 00:00:14.373898
37037000,0.5099,1,2022-05-25 00:00:14.373898
37039000,0.0567,1,2022-05-25 00:00:14.373898
37041000,0.1099,1,2022-05-25 00:00:14.373898
37046000,0.0126,1,2022-05-25 00:00:14.373898
37028000,0.0304,0,2022-05-25 00:00:15.434014
37027000,0.4045,0,2022-05-25 00:00:15.434014
37024000,0.0505,0,2022-05-25 00:00:15.434014
37023000,0.0001,0,2022-05-25 00:00:15.434014
37022000,0.0808,0,2022-05-25 00:00:15.434014
37037000,0.3998,1,2022-05-25 00:00:15.434014
37041000,0.0533,1,2022-05-25 00:00:15.434014
37045000,0.0523,1,2022-05-25 00:00:15.434014
37046000,0.0607,1,2022-05-25 00:00:15.434014
37047000,0.0481,1,2022-05-25 00:00:15.434014
37037000,0.0782,0,2022-05-25 00:00:16.500311
37028000,0.0304,0,2022-05-25 00:00:16.500311
37027000,0.1322,0,2022-05-25 00:00:16.500311
37023000,0.0793,0,2022-05-25 00:00:16.500311
37020000,0.0271,0,2022-05-25 00:00:16.500311
37045000,0.0523,1,2022-05-25 00:00:16.500311
37046000,0.0607,1,2022-05-25 00:00:16.500311
37051000,0.0164,1,2022-05-25 00:00:16.500311
37054000,0.0526,1,2022-05-25 00:00:16.500311
37056000,0.1271,1,2022-05-25 00:00:16.500311
37037000,0.0782,0,2022-05-25 00:00:17.551154
37028000,0.0304,0,2022-05-25 00:00:17.551154
37027000,0.1322,0,2022-05-25 00:00:17.551154
37023000,0.0793,0,2022-05-25 00:00:17.551154
37020000,0.0271,0,2022-05-25 00:00:17.551154
37045000,0.0523,1,2022-05-25 00:00:17.551154
37046000,0.0607,1,2022-05-25 00:00:17.551154
37051000,0.0164,1,2022-05-25 00:00:17.551154
37054000,0.0526,1,2022-05-25 00:00:17.551154
37056000,0.1271,1,2022-05-25 00:00:17.551154
37037000,0.0782,0,2022-05-25 00:00:18.610064
37028000,0.0304,0,2022-05-25 00:00:18.610064
37027000,0.1322,0,2022-05-25 00:00:18.610064
37023000,0.0793,0,2022-05-25 00:00:18.610064
37020000,0.0271,0,2022-05-25 00:00:18.610064
37045000,0.0523,1,2022-05-25 00:00:18.610064
37046000,0.0607,1,2022-05-25 00:00:18.610064
37051000,0.3918,1,2022-05-25 00:00:18.610064
37054000,0.0526,1,2022-05-25 00:00:18.610064
37056000,0.1271,1,2022-05-25 00:00:18.610064
36939000,0.2184,0,2022-05-25 00:00:19.660215
36937000,0.4272,0,2022-05-25 00:00:19.660215
36934000,0.5909,0,2022-05-25 00:00:19.660215
36933000,0.1485,0,2022-05-25 00:00:19.660215
36925000,0.039,0,2022-05-25 00:00:19.660215
36956000,0.03,1,2022-05-25 00:00:19.660215
36957000,0.5499,1,2022-05-25 00:00:19.660215
36958000,0.0003,1,2022-05-25 00:00:19.660215
36959000,0.0003,1,2022-05-25 00:00:19.660215
36963000,0.057999999999999996,1,2022-05-25 00:00:19.660215
37030000,0.0231,0,2022-05-25 00:00:20.721431
37028000,0.0304,0,2022-05-25 00:00:20.721431
37027000,0.1801,0,2022-05-25 00:00:20.721431
37023000,0.0793,0,2022-05-25 00:00:20.721431
37020000,0.0271,0,2022-05-25 00:00:20.721431
37037000,0.0782,1,2022-05-25 00:00:20.721431
37045000,0.0523,1,2022-05-25 00:00:20.721431
37047000,0.0651,1,2022-05-25 00:00:20.721431
37051000,0.3918,1,2022-05-25 00:00:20.721431
37054000,0.0526,1,2022-05-25 00:00:20.721431
37030000,0.0231,0,2022-05-25 00:00:21.776809
37028000,0.0304,0,2022-05-25 00:00:21.776809
37027000,0.1801,0,2022-05-25 00:00:21.776809
37023000,0.0793,0,2022-05-25 00:00:21.776809
37020000,0.0271,0,2022-05-25 00:00:21.776809
37045000,0.0523,1,2022-05-25 00:00:21.776809
37047000,0.0829,1,2022-05-25 00:00:21.776809
37051000,0.4497,1,2022-05-25 00:00:21.776809
37054000,0.0526,1,2022-05-25 00:00:21.776809
37056000,0.1271,1,2022-05-25 00:00:21.776809
36939000,0.2184,0,2022-05-25 00:00:22.847334
36937000,0.4272,0,2022-05-25 00:00:22.847334
36934000,0.5909,0,2022-05-25 00:00:22.847334
36933000,0.1485,0,2022-05-25 00:00:22.847334
36925000,0.039,0,2022-05-25 00:00:22.847334
36956000,0.03,1,2022-05-25 00:00:22.847334
36957000,0.5499,1,2022-05-25 00:00:22.847334
36958000,0.0003,1,2022-05-25 00:00:22.847334
36959000,0.0003,1,2022-05-25 00:00:22.847334
36963000,0.057999999999999996,1,2022-05-25 00:00:22.847334
37030000,0.0231,0,2022-05-25 00:00:23.900373
37028000,0.0306,0,2022-05-25 00:00:23.900373
37027000,0.1801,0,2022-05-25 00:00:23.900373
37023000,0.0001,0,2022-05-25 00:00:23.900373
37020000,0.0271,0,2022-05-25 00:00:23.900373
37043000,0.519,1,2022-05-25 00:00:23.900373
37045000,0.0523,1,2022-05-25 00:00:23.900373
37047000,0.0829,1,2022-05-25 00:00:23.900373
37049000,0.0516,1,2022-05-25 00:00:23.900373
37051000,0.4497,1,2022-05-25 00:00:23.900373
37030000,0.0231,0,2022-05-25 00:00:24.973078
37028000,0.0306,0,2022-05-25 00:00:24.973078
37027000,0.1801,0,2022-05-25 00:00:24.973078
37023000,0.0001,0,2022-05-25 00:00:24.973078
37020000,0.0271,0,2022-05-25 00:00:24.973078
37043000,0.519,1,2022-05-25 00:00:24.973078
37045000,0.0523,1,2022-05-25 00:00:24.973078
37047000,0.0829,1,2022-05-25 00:00:24.973078
37049000,0.0516,1,2022-05-25 00:00:24.973078
37051000,0.4497,1,2022-05-25 00:00:24.973078
37030000,0.0231,0,2022-05-25 00:00:26.020635
37028000,0.0002,0,2022-05-25 00:00:26.020635
37027000,0.1801,0,2022-05-25 00:00:26.020635
37020000,0.0271,0,2022-05-25 00:00:26.020635
37012000,0.0992,0,2022-05-25 00:00:26.020635
37041000,0.0127,1,2022-05-25 00:00:26.020635
37042000,0.004,1,2022-05-25 00:00:26.020635
37043000,0.519,1,2022-05-25 00:00:26.020635
37045000,0.0523,1,2022-05-25 00:00:26.020635
37046000,0.1393,1,2022-05-25 00:00:26.020635
37020000,0.0271,0,2022-05-25 00:00:27.071041
37018000,0.0507,0,2022-05-25 00:00:27.071041
37017000,0.0547,0,2022-05-25 00:00:27.071041
37012000,0.0788,0,2022-05-25 00:00:27.071041
37010000,0.0644,0,2022-05-25 00:00:27.071041
37028000,0.2039,1,2022-05-25 00:00:27.071041
37039000,0.1375,1,2022-05-25 00:00:27.071041
37040000,0.2248,1,2022-05-25 00:00:27.071041
37041000,0.0271,1,2022-05-25 00:00:27.071041
37042000,0.1433,1,2022-05-25 00:00:27.071041
36939000,0.2184,0,2022-05-25 00:00:28.120266
36937000,0.4272,0,2022-05-25 00:00:28.120266
36934000,0.5909,0,2022-05-25 00:00:28.120266
36933000,0.1485,0,2022-05-25 00:00:28.120266
36925000,0.039,0,2022-05-25 00:00:28.120266
36956000,0.03,1,2022-05-25 00:00:28.120266
36957000,0.5499,1,2022-05-25 00:00:28.120266
36958000,0.0003,1,2022-05-25 00:00:28.120266
36959000,0.0003,1,2022-05-25 00:00:28.120266
36963000,0.057999999999999996,1,2022-05-25 00:00:28.120266
37020000,0.027000000000000003,0,2022-05-25 00:00:29.183906
37018000,0.0507,0,2022-05-25 00:00:29.183906
37017000,0.0547,0,2022-05-25 00:00:29.183906
37010000,0.0644,0,2022-05-25 00:00:29.183906
37005000,0.001,0,2022-05-25 00:00:29.183906
37028000,0.1927,1,2022-05-25 00:00:29.183906
37032000,0.0319,1,2022-05-25 00:00:29.183906
37039000,0.196,1,2022-05-25 00:00:29.183906
37040000,0.1605,1,2022-05-25 00:00:29.183906
37041000,0.0271,1,2022-05-25 00:00:29.183906
37029000,0.0717,0,2022-05-25 00:00:30.245268
37028000,0.1322,0,2022-05-25 00:00:30.245268
37020000,0.027000000000000003,0,2022-05-25 00:00:30.245268
37019000,0.0788,0,2022-05-25 00:00:30.245268
37018000,0.0507,0,2022-05-25 00:00:30.245268
37039000,0.0573,1,2022-05-25 00:00:30.245268
37040000,0.2362,1,2022-05-25 00:00:30.245268
37042000,0.004,1,2022-05-25 00:00:30.245268
37043000,0.4464,1,2022-05-25 00:00:30.245268
37045000,0.0523,1,2022-05-25 00:00:30.245268
37020000,0.0268,0,2022-05-25 00:00:31.478914
37019000,0.031,0,2022-05-25 00:00:31.478914
37017000,0.0547,0,2022-05-25 00:00:31.478914
37016000,0.0798,0,2022-05-25 00:00:31.478914
37010000,0.0644,0,2022-05-25 00:00:31.478914
37027000,0.1164,1,2022-05-25 00:00:31.478914
37029000,0.0717,1,2022-05-25 00:00:31.478914
37037000,0.027000000000000003,1,2022-05-25 00:00:31.478914
37039000,0.6573,1,2022-05-25 00:00:31.478914
37040000,0.2362,1,2022-05-25 00:00:31.478914
37020000,0.0268,0,2022-05-25 00:00:32.530712
37019000,0.031,0,2022-05-25 00:00:32.530712
37017000,0.0547,0,2022-05-25 00:00:32.530712
37016000,0.0798,0,2022-05-25 00:00:32.530712
37010000,0.0644,0,2022-05-25 00:00:32.530712
37027000,0.1164,1,2022-05-25 00:00:32.530712
37029000,0.0717,1,2022-05-25 00:00:32.530712
37037000,0.027000000000000003,1,2022-05-25 00:00:32.530712
37039000,0.6573,1,2022-05-25 00:00:32.530712
37040000,0.2362,1,2022-05-25 00:00:32.530712
36939000,0.2184,0,2022-05-25 00:00:33.582570
36937000,0.4272,0,2022-05-25 00:00:33.582570
36934000,0.5909,0,2022-05-25 00:00:33.582570
36933000,0.1485,0,2022-05-25 00:00:33.582570
36925000,0.039,0,2022-05-25 00:00:33.582570
36956000,0.03,1,2022-05-25 00:00:33.582570
36957000,0.5499,1,2022-05-25 00:00:33.582570
36958000,0.0003,1,2022-05-25 00:00:33.582570
36959000,0.0003,1,2022-05-25 00:00:33.582570
36963000,0.057999999999999996,1,2022-05-25 00:00:33.582570
37010000,0.0969,0,2022-05-25 00:00:34.632354
37008000,0.0574,0,2022-05-25 00:00:34.632354
37005000,0.001,0,2022-05-25 00:00:34.632354
37002000,0.1569,0,2022-05-25 00:00:34.632354
37000000,0.0012,0,2022-05-25 00:00:34.632354
37019000,0.031,1,2022-05-25 00:00:34.632354
37027000,0.1164,1,2022-05-25 00:00:34.632354
37028000,0.4074,1,2022-05-25 00:00:34.632354
37029000,0.05,1,2022-05-25 00:00:34.632354
37031000,0.09699999999999999,1,2022-05-25 00:00:34.632354
37010000,0.0969,0,2022-05-25 00:00:35.683635
37008000,0.0574,0,2022-05-25 00:00:35.683635
37005000,0.001,0,2022-05-25 00:00:35.683635
37002000,0.1569,0,2022-05-25 00:00:35.683635
37000000,0.0012,0,2022-05-25 00:00:35.683635
37019000,0.031,1,2022-05-25 00:00:35.683635
37027000,0.1164,1,2022-05-25 00:00:35.683635
37028000,0.4074,1,2022-05-25 00:00:35.683635
37029000,0.05,1,2022-05-25 00:00:35.683635
37031000,0.09699999999999999,1,2022-05-25 00:00:35.683635
37010000,0.0969,0,2022-05-25 00:00:36.737187
37008000,0.0574,0,2022-05-25 00:00:36.737187
37005000,0.001,0,2022-05-25 00:00:36.737187
37002000,0.1569,0,2022-05-25 00:00:36.737187
37000000,0.0012,0,2022-05-25 00:00:36.737187
37019000,0.031,1,2022-05-25 00:00:36.737187
37027000,0.1164,1,2022-05-25 00:00:36.737187
37028000,0.4074,1,2022-05-25 00:00:36.737187
37029000,0.05,1,2022-05-25 00:00:36.737187
37031000,0.09699999999999999,1,2022-05-25 00:00:36.737187
36939000,0.2184,0,2022-05-25 00:00:37.804921
36937000,0.4272,0,2022-05-25 00:00:37.804921
36934000,0.5909,0,2022-05-25 00:00:37.804921
36933000,0.1485,0,2022-05-25 00:00:37.804921
36925000,0.039,0,2022-05-25 00:00:37.804921
36956000,0.03,1,2022-05-25 00:00:37.804921
36957000,0.5499,1,2022-05-25 00:00:37.804921
36958000,0.0003,1,2022-05-25 00:00:37.804921
36959000,0.0003,1,2022-05-25 00:00:37.804921
36963000,0.057999999999999996,1,2022-05-25 00:00:37.804921
37019000,0.0022,0,2022-05-25 00:00:38.859864
37010000,0.0969,0,2022-05-25 00:00:38.859864
37008000,0.0574,0,2022-05-25 00:00:38.859864
37005000,0.001,0,2022-05-25 00:00:38.859864
37002000,0.1569,0,2022-05-25 00:00:38.859864
37027000,0.1164,1,2022-05-25 00:00:38.859864
37028000,0.4074,1,2022-05-25 00:00:38.859864
37029000,0.05,1,2022-05-25 00:00:38.859864
37031000,0.09699999999999999,1,2022-05-25 00:00:38.859864
37035000,0.1388,1,2022-05-25 00:00:38.859864
37010000,0.0478,0,2022-05-25 00:00:39.910540
37008000,0.0574,0,2022-05-25 00:00:39.910540
37005000,0.001,0,2022-05-25 00:00:39.910540
37002000,0.1569,0,2022-05-25 00:00:39.910540
37000000,0.0012,0,2022-05-25 00:00:39.910540
37027000,0.1909,1,2022-05-25 00:00:39.910540
37028000,0.5462,1,2022-05-25 00:00:39.910540
37029000,0.05,1,2022-05-25 00:00:39.910540
37031000,0.09699999999999999,1,2022-05-25 00:00:39.910540
37034000,0.6,1,2022-05-25 00:00:39.910540
37010000,0.0478,0,2022-05-25 00:00:40.963983
37008000,0.0574,0,2022-05-25 00:00:40.963983
37005000,0.001,0,2022-05-25 00:00:40.963983
37002000,0.1569,0,2022-05-25 00:00:40.963983
37000000,0.0012,0,2022-05-25 00:00:40.963983
37025000,0.1594,1,2022-05-25 00:00:40.963983
37027000,0.2941,1,2022-05-25 00:00:40.963983
37028000,0.4074,1,2022-05-25 00:00:40.963983
37029000,0.05,1,2022-05-25 00:00:40.963983
37031000,0.09699999999999999,1,2022-05-25 00:00:40.963983
36939000,0.2184,0,2022-05-25 00:00:42.012245
36937000,0.4272,0,2022-05-25 00:00:42.012245
36934000,0.5909,0,2022-05-25 00:00:42.012245
36933000,0.1485,0,2022-05-25 00:00:42.012245
36925000,0.039,0,2022-05-25 00:00:42.012245
36956000,0.03,1,2022-05-25 00:00:42.012245
36957000,0.5499,1,2022-05-25 00:00:42.012245
36958000,0.0003,1,2022-05-25 00:00:42.012245
36959000,0.0003,1,2022-05-25 00:00:42.012245
36963000,0.057999999999999996,1,2022-05-25 00:00:42.012245
37002000,0.0318,0,2022-05-25 00:00:43.070322
37000000,0.0012,0,2022-05-25 00:00:43.070322
36997000,0.0077,0,2022-05-25 00:00:43.070322
36994000,0.5394,0,2022-05-25 00:00:43.070322
36992000,0.0992,0,2022-05-25 00:00:43.070322
37023000,0.4709,1,2022-05-25 00:00:43.070322
37025000,0.1594,1,2022-05-25 00:00:43.070322
37027000,0.1909,1,2022-05-25 00:00:43.070322
37028000,0.4074,1,2022-05-25 00:00:43.070322
37029000,0.05,1,2022-05-25 00:00:43.070322
37002000,0.0318,0,2022-05-25 00:00:44.122511
37000000,0.0012,0,2022-05-25 00:00:44.122511
36998000,0.0743,0,2022-05-25 00:00:44.122511
36997000,0.0077,0,2022-05-25 00:00:44.122511
36996000,0.1378,0,2022-05-25 00:00:44.122511
37023000,0.3862,1,2022-05-25 00:00:44.122511
37025000,0.1594,1,2022-05-25 00:00:44.122511
37027000,0.1909,1,2022-05-25 00:00:44.122511
37028000,0.4074,1,2022-05-25 00:00:44.122511
37029000,0.05,1,2022-05-25 00:00:44.122511
36939000,0.2184,0,2022-05-25 00:00:45.172405
36937000,0.4272,0,2022-05-25 00:00:45.172405
36934000,0.5909,0,2022-05-25 00:00:45.172405
36933000,0.1485,0,2022-05-25 00:00:45.172405
36925000,0.039,0,2022-05-25 00:00:45.172405
36956000,0.03,1,2022-05-25 00:00:45.172405
36957000,0.5499,1,2022-05-25 00:00:45.172405
36958000,0.0003,1,2022-05-25 00:00:45.172405
36959000,0.0003,1,2022-05-25 00:00:45.172405
36963000,0.057999999999999996,1,2022-05-25 00:00:45.172405
36939000,0.2184,0,2022-05-25 00:00:46.225287
36937000,0.4272,0,2022-05-25 00:00:46.225287
36934000,0.5909,0,2022-05-25 00:00:46.225287
36933000,0.1485,0,2022-05-25 00:00:46.225287
36925000,0.039,0,2022-05-25 00:00:46.225287
36956000,0.03,1,2022-05-25 00:00:46.225287
36957000,0.5499,1,2022-05-25 00:00:46.225287
36958000,0.0003,1,2022-05-25 00:00:46.225287
36959000,0.0003,1,2022-05-25 00:00:46.225287
36963000,0.057999999999999996,1,2022-05-25 00:00:46.225287
36939000,0.2184,0,2022-05-25 00:00:47.275339
36937000,0.4272,0,2022-05-25 00:00:47.275339
36934000,0.5909,0,2022-05-25 00:00:47.275339
36933000,0.1485,0,2022-05-25 00:00:47.275339
36925000,0.039,0,2022-05-25 00:00:47.275339
36956000,0.03,1,2022-05-25 00:00:47.275339
36957000,0.5499,1,2022-05-25 00:00:47.275339
36958000,0.0003,1,2022-05-25 00:00:47.275339
36959000,0.0003,1,2022-05-25 00:00:47.275339
36963000,0.057999999999999996,1,2022-05-25 00:00:47.275339
37020000,0.1662,0,2022-05-25 00:00:48.326631
37014000,0.0321,0,2022-05-25 00:00:48.326631
37013000,0.0742,0,2022-05-25 00:00:48.326631
37006000,0.0324,0,2022-05-25 00:00:48.326631
37005000,0.1391,0,2022-05-25 00:00:48.326631
37023000,0.0313,1,2022-05-25 00:00:48.326631
37027000,0.1164,1,2022-05-25 00:00:48.326631
37028000,0.4074,1,2022-05-25 00:00:48.326631
37029000,0.052000000000000005,1,2022-05-25 00:00:48.326631
37031000,0.09699999999999999,1,2022-05-25 00:00:48.326631
37020000,0.1662,0,2022-05-25 00:00:49.382713
37014000,0.0321,0,2022-05-25 00:00:49.382713
37013000,0.0742,0,2022-05-25 00:00:49.382713
37006000,0.0324,0,2022-05-25 00:00:49.382713
37005000,0.1391,0,2022-05-25 00:00:49.382713
37023000,0.0313,1,2022-05-25 00:00:49.382713
37027000,0.1164,1,2022-05-25 00:00:49.382713
37028000,0.4074,1,2022-05-25 00:00:49.382713
37029000,0.052000000000000005,1,2022-05-25 00:00:49.382713
37031000,0.09699999999999999,1,2022-05-25 00:00:49.382713
36939000,0.2184,0,2022-05-25 00:00:50.435462
36937000,0.4272,0,2022-05-25 00:00:50.435462
36934000,0.5909,0,2022-05-25 00:00:50.435462
36933000,0.1485,0,2022-05-25 00:00:50.435462
36925000,0.039,0,2022-05-25 00:00:50.435462
36956000,0.03,1,2022-05-25 00:00:50.435462
36957000,0.5499,1,2022-05-25 00:00:50.435462
36958000,0.0003,1,2022-05-25 00:00:50.435462
36959000,0.0003,1,2022-05-25 00:00:50.435462
36963000,0.057999999999999996,1,2022-05-25 00:00:50.435462
37004000,0.0324,0,2022-05-25 00:00:51.486730
37000000,0.0022,0,2022-05-25 00:00:51.486730
36997000,0.0077,0,2022-05-25 00:00:51.486730
36992000,0.0992,0,2022-05-25 00:00:51.486730
36990000,0.0841,0,2022-05-25 00:00:51.486730
37013000,0.032,1,2022-05-25 00:00:51.486730
37018000,0.5607,1,2022-05-25 00:00:51.486730
37019000,0.5922,1,2022-05-25 00:00:51.486730
37020000,0.6762,1,2022-05-25 00:00:51.486730
37021000,0.0514,1,2022-05-25 00:00:51.486730
37000000,0.0022,0,2022-05-25 00:00:52.539016
36997000,0.0077,0,2022-05-25 00:00:52.539016
36992000,0.0992,0,2022-05-25 00:00:52.539016
36991000,0.3782,0,2022-05-25 00:00:52.539016
36990000,0.0841,0,2022-05-25 00:00:52.539016
37011000,0.0536,1,2022-05-25 00:00:52.539016
37013000,0.032,1,2022-05-25 00:00:52.539016
37018000,0.5607,1,2022-05-25 00:00:52.539016
37019000,0.4308,1,2022-05-25 00:00:52.539016
37020000,0.6762,1,2022-05-25 00:00:52.539016
37000000,0.0022,0,2022-05-25 00:00:53.594302
36998000,0.03,0,2022-05-25 00:00:53.594302
36997000,0.0077,0,2022-05-25 00:00:53.594302
36992000,0.0992,0,2022-05-25 00:00:53.594302
36991000,0.3782,0,2022-05-25 00:00:53.594302
37011000,0.0536,1,2022-05-25 00:00:53.594302
37012000,0.3867,1,2022-05-25 00:00:53.594302
37013000,0.032,1,2022-05-25 00:00:53.594302
37018000,0.4285,1,2022-05-25 00:00:53.594302
37019000,0.2986,1,2022-05-25 00:00:53.594302
37000000,0.0022,0,2022-05-25 00:00:54.645409
36998000,0.03,0,2022-05-25 00:00:54.645409
36997000,0.0077,0,2022-05-25 00:00:54.645409
36994000,0.5967,0,2022-05-25 00:00:54.645409
36992000,0.0992,0,2022-05-25 00:00:54.645409
37011000,0.0451,1,2022-05-25 00:00:54.645409
37012000,0.3867,1,2022-05-25 00:00:54.645409
37013000,0.032,1,2022-05-25 00:00:54.645409
37018000,0.4285,1,2022-05-25 00:00:54.645409
37019000,0.1325,1,2022-05-25 00:00:54.645409
37000000,0.0022,0,2022-05-25 00:00:55.692008
36998000,0.03,0,2022-05-25 00:00:55.692008
36997000,0.0077,0,2022-05-25 00:00:55.692008
36994000,0.5967,0,2022-05-25 00:00:55.692008
36992000,0.0992,0,2022-05-25 00:00:55.692008
37011000,0.0451,1,2022-05-25 00:00:55.692008
37012000,0.3867,1,2022-05-25 00:00:55.692008
37013000,0.032,1,2022-05-25 00:00:55.692008
37018000,0.4285,1,2022-05-25 00:00:55.692008
37019000,0.1325,1,2022-05-25 00:00:55.692008
37000000,0.0022,0,2022-05-25 00:00:56.740323
36998000,0.03,0,2022-05-25 00:00:56.740323
36997000,0.0077,0,2022-05-25 00:00:56.740323
36994000,0.5967,0,2022-05-25 00:00:56.740323
36992000,0.0992,0,2022-05-25 00:00:56.740323
37009000,0.0994,1,2022-05-25 00:00:56.740323
37011000,0.0451,1,2022-05-25 00:00:56.740323
37012000,0.3867,1,2022-05-25 00:00:56.740323
37013000,0.032,1,2022-05-25 00:00:56.740323
37018000,0.2989,1,2022-05-25 00:00:56.740323
37009000,0.0258,0,2022-05-25 00:00:57.787638
37000000,0.1888,0,2022-05-25 00:00:57.787638
36998000,0.03,0,2022-05-25 00:00:57.787638
36997000,0.0077,0,2022-05-25 00:00:57.787638
36995000,0.5104,0,2022-05-25 00:00:57.787638
37019000,0.0509,1,2022-05-25 00:00:57.787638
37020000,0.4619,1,2022-05-25 00:00:57.787638
37021000,0.0481,1,2022-05-25 00:00:57.787638
37027000,0.1164,1,2022-05-25 00:00:57.787638
37028000,0.4074,1,2022-05-25 00:00:57.787638
36939000,0.2184,0,2022-05-25 00:00:58.829940
36937000,0.4272,0,2022-05-25 00:00:58.829940
36934000,0.5909,0,2022-05-25 00:00:58.829940
36933000,0.1485,0,2022-05-25 00:00:58.829940
36925000,0.039,0,2022-05-25 00:00:58.829940
36956000,0.03,1,2022-05-25 00:00:58.829940
36957000,0.5499,1,2022-05-25 00:00:58.829940
36958000,0.0003,1,2022-05-25 00:00:58.829940
36959000,0.0003,1,2022-05-25 00:00:58.829940
36963000,0.057999999999999996,1,2022-05-25 00:00:58.829940
37012000,0.1322,0,2022-05-25 00:00:59.878715
37011000,0.5098,0,2022-05-25 00:00:59.878715
37010000,0.3093,0,2022-05-25 00:00:59.878715
37009000,0.0258,0,2022-05-25 00:00:59.878715
37002000,0.4985,0,2022-05-25 00:00:59.878715
37028000,0.4074,1,2022-05-25 00:00:59.878715
37029000,0.002,1,2022-05-25 00:00:59.878715
37031000,0.0479,1,2022-05-25 00:00:59.878715
37037000,0.3517,1,2022-05-25 00:00:59.878715
37038000,0.0738,1,2022-05-25 00:00:59.878715
37021000,0.3743,0,2022-05-25 00:01:00.948595
37019000,0.0509,0,2022-05-25 00:01:00.948595
37016000,0.0217,0,2022-05-25 00:01:00.948595
37014000,0.0301,0,2022-05-25 00:01:00.948595
37012000,0.1322,0,2022-05-25 00:01:00.948595
37028000,0.4074,1,2022-05-25 00:01:00.948595
37029000,0.002,1,2022-05-25 00:01:00.948595
37031000,0.0479,1,2022-05-25 00:01:00.948595
37035000,0.0477,1,2022-05-25 00:01:00.948595
37037000,0.3517,1,2022-05-25 00:01:00.948595
37021000,0.1322,0,2022-05-25 00:01:01.997472
37016000,0.0217,0,2022-05-25 00:01:01.997472
37014000,0.1686,0,2022-05-25 00:01:01.997472
37012000,0.2709,0,2022-05-25 00:01:01.997472
37011000,0.635,0,2022-05-25 00:01:01.997472
37028000,0.0301,1,2022-05-25 00:01:01.997472
37029000,0.002,1,2022-05-25 00:01:01.997472
37031000,0.0479,1,2022-05-25 00:01:01.997472
37035000,0.0477,1,2022-05-25 00:01:01.997472
37037000,0.3517,1,2022-05-25 00:01:01.997472
37031000,0.0135,0,2022-05-25 00:01:03.053596
37028000,0.132,0,2022-05-25 00:01:03.053596
37027000,0.1624,0,2022-05-25 00:01:03.053596
37016000,0.0217,0,2022-05-25 00:01:03.053596
37014000,0.1686,0,2022-05-25 00:01:03.053596
37035000,0.0477,1,2022-05-25 00:01:03.053596
37037000,0.3517,1,2022-05-25 00:01:03.053596
37039000,0.5967,1,2022-05-25 00:01:03.053596
37040000,0.0496,1,2022-05-25 00:01:03.053596
37042000,0.004,1,2022-05-25 00:01:03.053596
37031000,0.0135,0,2022-05-25 00:01:04.104707
37029000,0.032,0,2022-05-25 00:01:04.104707
37028000,0.132,0,2022-05-25 00:01:04.104707
37027000,0.1624,0,2022-05-25 00:01:04.104707
37016000,0.0217,0,2022-05-25 00:01:04.104707
37035000,0.0382,1,2022-05-25 00:01:04.104707
37037000,0.4097,1,2022-05-25 00:01:04.104707
37038000,0.026000000000000002,1,2022-05-25 00:01:04.104707
37039000,0.5967,1,2022-05-25 00:01:04.104707
37040000,0.0496,1,2022-05-25 00:01:04.104707
37028000,0.0996,0,2022-05-25 00:01:05.323762
37027000,0.1624,0,2022-05-25 00:01:05.323762
37023000,0.0315,0,2022-05-25 00:01:05.323762
37019000,0.1081,0,2022-05-25 00:01:05.323762
37016000,0.0217,0,2022-05-25 00:01:05.323762
37029000,0.0867,1,2022-05-25 00:01:05.323762
37035000,0.0382,1,2022-05-25 00:01:05.323762
37037000,0.4097,1,2022-05-25 00:01:05.323762
37038000,0.026000000000000002,1,2022-05-25 00:01:05.323762
37039000,0.5967,1,2022-05-25 00:01:05.323762
37028000,0.0996,0,2022-05-25 00:01:06.397994
37027000,0.1624,0,2022-05-25 00:01:06.397994
37023000,0.0315,0,2022-05-25 00:01:06.397994
37019000,0.1081,0,2022-05-25 00:01:06.397994
37016000,0.0217,0,2022-05-25 00:01:06.397994
37029000,0.0867,1,2022-05-25 00:01:06.397994
37035000,0.0382,1,2022-05-25 00:01:06.397994
37037000,0.4097,1,2022-05-25 00:01:06.397994
37038000,0.026000000000000002,1,2022-05-25 00:01:06.397994
37039000,0.5967,1,2022-05-25 00:01:06.397994
37031000,0.2516,0,2022-05-25 00:01:07.448085
37030000,0.0867,0,2022-05-25 00:01:07.448085
37029000,0.0867,0,2022-05-25 00:01:07.448085
37028000,0.1478,0,2022-05-25 00:01:07.448085
37027000,0.1624,0,2022-05-25 00:01:07.448085
37037000,0.3517,1,2022-05-25 00:01:07.448085
37038000,0.026000000000000002,1,2022-05-25 00:01:07.448085
37039000,0.5394,1,2022-05-25 00:01:07.448085
37042000,0.004,1,2022-05-25 00:01:07.448085
37045000,0.2167,1,2022-05-25 00:01:07.448085
37031000,0.4632,0,2022-05-25 00:01:08.504183
37030000,0.0867,0,2022-05-25 00:01:08.504183
37029000,0.0867,0,2022-05-25 00:01:08.504183
37028000,0.1972,0,2022-05-25 00:01:08.504183
37027000,0.2114,0,2022-05-25 00:01:08.504183
37038000,0.026000000000000002,1,2022-05-25 00:01:08.504183
37039000,0.5394,1,2022-05-25 00:01:08.504183
37042000,0.004,1,2022-05-25 00:01:08.504183
37045000,0.2167,1,2022-05-25 00:01:08.504183
37046000,0.002,1,2022-05-25 00:01:08.504183
37038000,0.2276,0,2022-05-25 00:01:09.582164
37037000,0.2177,0,2022-05-25 00:01:09.582164
37031000,0.2429,0,2022-05-25 00:01:09.582164
37028000,0.1385,0,2022-05-25 00:01:09.582164
37027000,0.1624,0,2022-05-25 00:01:09.582164
37039000,0.4072,1,2022-05-25 00:01:09.582164
37042000,0.004,1,2022-05-25 00:01:09.582164
37045000,0.2167,1,2022-05-25 00:01:09.582164
37046000,0.002,1,2022-05-25 00:01:09.582164
37047000,0.08900000000000001,1,2022-05-25 00:01:09.582164
37038000,0.2276,0,2022-05-25 00:01:10.641995
37037000,0.2177,0,2022-05-25 00:01:10.641995
37031000,0.2429,0,2022-05-25 00:01:10.641995
37028000,0.1385,0,2022-05-25 00:01:10.641995
37027000,0.1624,0,2022-05-25 00:01:10.641995
37039000,0.4072,1,2022-05-25 00:01:10.641995
37042000,0.004,1,2022-05-25 00:01:10.641995
37045000,0.2167,1,2022-05-25 00:01:10.641995
37046000,0.002,1,2022-05-25 00:01:10.641995
37047000,0.08900000000000001,1,2022-05-25 00:01:10.641995
37040000,0.2644,0,2022-05-25 00:01:11.698722
37039000,0.4664,0,2022-05-25 00:01:11.698722
37038000,0.1322,0,2022-05-25 00:01:11.698722
37031000,0.1572,0,2022-05-25 00:01:11.698722
37028000,0.1397,0,2022-05-25 00:01:11.698722
37042000,0.004,1,2022-05-25 00:01:11.698722
37045000,0.2167,1,2022-05-25 00:01:11.698722
37046000,0.002,1,2022-05-25 00:01:11.698722
37047000,0.08900000000000001,1,2022-05-25 00:01:11.698722
37048000,0.4753,1,2022-05-25 00:01:11.698722
37040000,0.2104,0,2022-05-25 00:01:12.751134
37039000,0.4664,0,2022-05-25 00:01:12.751134
37037000,0.0308,0,2022-05-25 00:01:12.751134
37028000,1.1086,0,2022-05-25 00:01:12.751134
37027000,0.1624,0,2022-05-25 00:01:12.751134
37045000,0.2167,1,2022-05-25 00:01:12.751134
37046000,0.002,1,2022-05-25 00:01:12.751134
37047000,0.0331,1,2022-05-25 00:01:12.751134
37051000,0.0164,1,2022-05-25 00:01:12.751134
37054000,0.0491,1,2022-05-25 00:01:12.751134
36939000,0.2184,0,2022-05-25 00:01:13.801913
36937000,0.4272,0,2022-05-25 00:01:13.801913
36934000,0.5909,0,2022-05-25 00:01:13.801913
36933000,0.1485,0,2022-05-25 00:01:13.801913
36925000,0.039,0,2022-05-25 00:01:13.801913
36956000,0.03,1,2022-05-25 00:01:13.801913
36957000,0.5499,1,2022-05-25 00:01:13.801913
36958000,0.0003,1,2022-05-25 00:01:13.801913
36959000,0.0003,1,2022-05-25 00:01:13.801913
36963000,0.057999999999999996,1,2022-05-25 00:01:13.801913
37045000,0.1385,0,2022-05-25 00:01:14.862314
37044000,0.0782,0,2022-05-25 00:01:14.862314
37033000,0.0731,0,2022-05-25 00:01:14.862314
37029000,0.1393,0,2022-05-25 00:01:14.862314
37028000,0.3689,0,2022-05-25 00:01:14.862314
37046000,0.002,1,2022-05-25 00:01:14.862314
37047000,0.0178,1,2022-05-25 00:01:14.862314
37051000,0.0164,1,2022-05-25 00:01:14.862314
37056000,0.0784,1,2022-05-25 00:01:14.862314
37058000,0.442,1,2022-05-25 00:01:14.862314
37052000,0.0039,0,2022-05-25 00:01:15.914980
37047000,0.0584,0,2022-05-25 00:01:15.914980
37045000,0.3329,0,2022-05-25 00:01:15.914980
37038000,0.1397,0,2022-05-25 00:01:15.914980
37036000,0.4176,0,2022-05-25 00:01:15.914980
37058000,0.42700000000000005,1,2022-05-25 00:01:15.914980
37059000,0.057,1,2022-05-25 00:01:15.914980
37060000,0.0556,1,2022-05-25 00:01:15.914980
37063000,0.0279,1,2022-05-25 00:01:15.914980
37064000,0.002,1,2022-05-25 00:01:15.914980
37052000,0.0039,0,2022-05-25 00:01:16.969610
37047000,0.0584,0,2022-05-25 00:01:16.969610
37045000,0.3329,0,2022-05-25 00:01:16.969610
37042000,0.0323,0,2022-05-25 00:01:16.969610
37037000,0.1391,0,2022-05-25 00:01:16.969610
37058000,0.42700000000000005,1,2022-05-25 00:01:16.969610
37060000,0.0556,1,2022-05-25 00:01:16.969610
37063000,0.0279,1,2022-05-25 00:01:16.969610
37064000,0.002,1,2022-05-25 00:01:16.969610
37065000,0.0491,1,2022-05-25 00:01:16.969610
37052000,0.0039,0,2022-05-25 00:01:18.018496
37045000,0.1435,0,2022-05-25 00:01:18.018496
37039000,0.1391,0,2022-05-25 00:01:18.018496
37036000,0.4176,0,2022-05-25 00:01:18.018496
37034000,0.6,0,2022-05-25 00:01:18.018496
37063000,0.0279,1,2022-05-25 00:01:18.018496
37064000,0.002,1,2022-05-25 00:01:18.018496
37065000,0.0491,1,2022-05-25 00:01:18.018496
37066000,0.0718,1,2022-05-25 00:01:18.018496
37068000,0.1027,1,2022-05-25 00:01:18.018496
37052000,0.0039,0,2022-05-25 00:01:19.068656
37045000,0.005,0,2022-05-25 00:01:19.068656
37037000,0.1391,0,2022-05-25 00:01:19.068656
37036000,0.4176,0,2022-05-25 00:01:19.068656
37034000,0.5395,0,2022-05-25 00:01:19.068656
37063000,0.0279,1,2022-05-25 00:01:19.068656
37064000,0.002,1,2022-05-25 00:01:19.068656
37065000,0.0491,1,2022-05-25 00:01:19.068656
37066000,0.0718,1,2022-05-25 00:01:19.068656
37068000,0.1027,1,2022-05-25 00:01:19.068656
37052000,0.0039,0,2022-05-25 00:01:20.117585
37045000,0.4149,0,2022-05-25 00:01:20.117585
37040000,0.1391,0,2022-05-25 00:01:20.117585
37036000,0.4176,0,2022-05-25 00:01:20.117585
37033000,0.0731,0,2022-05-25 00:01:20.117585
37063000,0.0279,1,2022-05-25 00:01:20.117585
37064000,0.002,1,2022-05-25 00:01:20.117585
37065000,0.0491,1,2022-05-25 00:01:20.117585
37066000,0.0718,1,2022-05-25 00:01:20.117585
37068000,0.1027,1,2022-05-25 00:01:20.117585
37052000,0.0039,0,2022-05-25 00:01:21.173870
37045000,0.4149,0,2022-05-25 00:01:21.173870
37040000,0.1391,0,2022-05-25 00:01:21.173870
37038000,0.6,0,2022-05-25 00:01:21.173870
37036000,0.4176,0,2022-05-25 00:01:21.173870
37063000,0.0279,1,2022-05-25 00:01:21.173870
37064000,0.002,1,2022-05-25 00:01:21.173870
37065000,0.0491,1,2022-05-25 00:01:21.173870
37066000,0.0718,1,2022-05-25 00:01:21.173870
37068000,0.1027,1,2022-05-25 00:01:21.173870
37052000,0.0039,0,2022-05-25 00:01:22.226394
37045000,0.4149,0,2022-05-25 00:01:22.226394
37041000,0.6,0,2022-05-25 00:01:22.226394
37038000,0.2381,0,2022-05-25 00:01:22.226394
37036000,0.4176,0,2022-05-25 00:01:22.226394
37063000,0.0279,1,2022-05-25 00:01:22.226394
37064000,0.002,1,2022-05-25 00:01:22.226394
37065000,0.0491,1,2022-05-25 00:01:22.226394
37066000,0.0718,1,2022-05-25 00:01:22.226394
37068000,0.1027,1,2022-05-25 00:01:22.226394
37052000,0.0039,0,2022-05-25 00:01:23.275371
37045000,0.4149,0,2022-05-25 00:01:23.275371
37041000,0.6,0,2022-05-25 00:01:23.275371
37038000,0.2381,0,2022-05-25 00:01:23.275371
37036000,0.4176,0,2022-05-25 00:01:23.275371
37063000,0.0279,1,2022-05-25 00:01:23.275371
37064000,0.002,1,2022-05-25 00:01:23.275371
37065000,0.0491,1,2022-05-25 00:01:23.275371
37066000,0.0718,1,2022-05-25 00:01:23.275371
37068000,0.1027,1,2022-05-25 00:01:23.275371
37046000,0.1391,0,2022-05-25 00:01:24.328467
37045000,0.4149,0,2022-05-25 00:01:24.328467
37038000,0.099,0,2022-05-25 00:01:24.328467
37037000,0.6,0,2022-05-25 00:01:24.328467
37036000,0.4176,0,2022-05-25 00:01:24.328467
37063000,0.0279,1,2022-05-25 00:01:24.328467
37064000,0.002,1,2022-05-25 00:01:24.328467
37066000,0.0718,1,2022-05-25 00:01:24.328467
37068000,0.1027,1,2022-05-25 00:01:24.328467
37069000,0.4028,1,2022-05-25 00:01:24.328467
36939000,0.2184,0,2022-05-25 00:01:25.381913
36937000,0.4272,0,2022-05-25 00:01:25.381913
36934000,0.5909,0,2022-05-25 00:01:25.381913
36933000,0.1485,0,2022-05-25 00:01:25.381913
36925000,0.039,0,2022-05-25 00:01:25.381913
36956000,0.03,1,2022-05-25 00:01:25.381913
36957000,0.5499,1,2022-05-25 00:01:25.381913
36958000,0.0003,1,2022-05-25 00:01:25.381913
36959000,0.0003,1,2022-05-25 00:01:25.381913
36963000,0.057999999999999996,1,2022-05-25 00:01:25.381913
37049000,0.1254,0,2022-05-25 00:01:26.597758
37048000,0.431,0,2022-05-25 00:01:26.597758
37046000,0.1391,0,2022-05-25 00:01:26.597758
37045000,0.4149,0,2022-05-25 00:01:26.597758
37043000,0.6,0,2022-05-25 00:01:26.597758
37063000,0.0279,1,2022-05-25 00:01:26.597758
37064000,0.002,1,2022-05-25 00:01:26.597758
37073000,0.0195,1,2022-05-25 00:01:26.597758
37074000,0.0491,1,2022-05-25 00:01:26.597758
37076000,0.1179,1,2022-05-25 00:01:26.597758
37049000,0.1254,0,2022-05-25 00:01:27.680641
37048000,0.431,0,2022-05-25 00:01:27.680641
37046000,0.1391,0,2022-05-25 00:01:27.680641
37045000,0.4149,0,2022-05-25 00:01:27.680641
37043000,0.6,0,2022-05-25 00:01:27.680641
37063000,0.0279,1,2022-05-25 00:01:27.680641
37064000,0.002,1,2022-05-25 00:01:27.680641
37073000,0.0195,1,2022-05-25 00:01:27.680641
37074000,0.0491,1,2022-05-25 00:01:27.680641
37076000,0.1179,1,2022-05-25 00:01:27.680641
37048000,0.431,0,2022-05-25 00:01:29.036300
37045000,0.4149,0,2022-05-25 00:01:29.036300
37044000,0.6,0,2022-05-25 00:01:29.036300
37042000,0.0809,0,2022-05-25 00:01:29.036300
37038000,0.099,0,2022-05-25 00:01:29.036300
37073000,0.2718,1,2022-05-25 00:01:29.036300
37074000,0.0491,1,2022-05-25 00:01:29.036300
37076000,0.1179,1,2022-05-25 00:01:29.036300
37079000,0.0819,1,2022-05-25 00:01:29.036300
37080000,0.1966,1,2022-05-25 00:01:29.036300
37051000,0.4972,0,2022-05-25 00:01:30.093842
37050000,0.0364,0,2022-05-25 00:01:30.093842
37048000,0.431,0,2022-05-25 00:01:30.093842
37045000,0.4149,0,2022-05-25 00:01:30.093842
37042000,0.0809,0,2022-05-25 00:01:30.093842
37072000,0.539,1,2022-05-25 00:01:30.093842
37076000,0.0621,1,2022-05-25 00:01:30.093842
37079000,0.0819,1,2022-05-25 00:01:30.093842
37080000,0.0579,1,2022-05-25 00:01:30.093842
37082000,0.3924,1,2022-05-25 00:01:30.093842
37048000,0.431,0,2022-05-25 00:01:31.140741
37046000,0.0365,0,2022-05-25 00:01:31.140741
37045000,0.4149,0,2022-05-25 00:01:31.140741
37042000,0.0809,0,2022-05-25 00:01:31.140741
37038000,0.099,0,2022-05-25 00:01:31.140741
37076000,0.0621,1,2022-05-25 00:01:31.140741
37077000,0.0176,1,2022-05-25 00:01:31.140741
37079000,0.0819,1,2022-05-25 00:01:31.140741
37080000,0.0579,1,2022-05-25 00:01:31.140741
37082000,0.3924,1,2022-05-25 00:01:31.140741
36939000,0.2184,0,2022-05-25 00:01:32.187272
36937000,0.4272,0,2022-05-25 00:01:32.187272
36934000,0.5909,0,2022-05-25 00:01:32.187272
36933000,0.1485,0,2022-05-25 00:01:32.187272
36925000,0.039,0,2022-05-25 00:01:32.187272
36956000,0.03,1,2022-05-25 00:01:32.187272
36957000,0.5499,1,2022-05-25 00:01:32.187272
36958000,0.0003,1,2022-05-25 00:01:32.187272
36959000,0.0003,1,2022-05-25 00:01:32.187272
36963000,0.057999999999999996,1,2022-05-25 00:01:32.187272
37076000,0.0058,0,2022-05-25 00:01:33.236506
37073000,0.539,0,2022-05-25 00:01:33.236506
37072000,0.1944,0,2022-05-25 00:01:33.236506
37070000,0.0279,0,2022-05-25 00:01:33.236506
37050000,0.486,0,2022-05-25 00:01:33.236506
37081000,0.0302,1,2022-05-25 00:01:33.236506
37084000,0.4212,1,2022-05-25 00:01:33.236506
37087000,0.0766,1,2022-05-25 00:01:33.236506
37088000,0.1005,1,2022-05-25 00:01:33.236506
37090000,0.0479,1,2022-05-25 00:01:33.236506
36939000,0.2184,0,2022-05-25 00:01:34.281111
36937000,0.4272,0,2022-05-25 00:01:34.281111
36934000,0.5909,0,2022-05-25 00:01:34.281111
36933000,0.1485,0,2022-05-25 00:01:34.281111
36925000,0.039,0,2022-05-25 00:01:34.281111
36956000,0.03,1,2022-05-25 00:01:34.281111
36957000,0.5499,1,2022-05-25 00:01:34.281111
36958000,0.0003,1,2022-05-25 00:01:34.281111
36959000,0.0003,1,2022-05-25 00:01:34.281111
36963000,0.057999999999999996,1,2022-05-25 00:01:34.281111
37070000,0.0279,0,2022-05-25 00:01:35.336867
37051000,0.6371,0,2022-05-25 00:01:35.336867
37050000,0.486,0,2022-05-25 00:01:35.336867
37048000,0.431,0,2022-05-25 00:01:35.336867
37045000,0.4149,0,2022-05-25 00:01:35.336867
37074000,0.1839,1,2022-05-25 00:01:35.336867
37080000,0.0817,1,2022-05-25 00:01:35.336867
37084000,0.4226,1,2022-05-25 00:01:35.336867
37086000,0.053,1,2022-05-25 00:01:35.336867
37087000,0.0511,1,2022-05-25 00:01:35.336867
37081000,0.0047,0,2022-05-25 00:01:36.382101
37076000,0.0058,0,2022-05-25 00:01:36.382101
37075000,0.0742,0,2022-05-25 00:01:36.382101
37070000,0.0279,0,2022-05-25 00:01:36.382101
37065000,0.4308,0,2022-05-25 00:01:36.382101
37090000,0.0069,1,2022-05-25 00:01:36.382101
37091000,0.025,1,2022-05-25 00:01:36.382101
37093000,0.3509,1,2022-05-25 00:01:36.382101
37096000,0.1071,1,2022-05-25 00:01:36.382101
37098000,0.0751,1,2022-05-25 00:01:36.382101
37070000,0.0279,0,2022-05-25 00:01:37.445223
37059000,0.4099,0,2022-05-25 00:01:37.445223
37051000,0.0375,0,2022-05-25 00:01:37.445223
37050000,0.486,0,2022-05-25 00:01:37.445223
37049000,0.6,0,2022-05-25 00:01:37.445223
37081000,0.1075,1,2022-05-25 00:01:37.445223
37088000,0.1077,1,2022-05-25 00:01:37.445223
37090000,0.0803,1,2022-05-25 00:01:37.445223
37091000,0.0816,1,2022-05-25 00:01:37.445223
37092000,0.1399,1,2022-05-25 00:01:37.445223
37070000,0.0177,0,2022-05-25 00:01:38.495410
37059000,0.4099,0,2022-05-25 00:01:38.495410
37053000,0.0989,0,2022-05-25 00:01:38.495410
37051000,0.6,0,2022-05-25 00:01:38.495410
37050000,0.486,0,2022-05-25 00:01:38.495410
37079000,0.0809,1,2022-05-25 00:01:38.495410
37081000,0.1075,1,2022-05-25 00:01:38.495410
37082000,0.0513,1,2022-05-25 00:01:38.495410
37084000,0.0555,1,2022-05-25 00:01:38.495410
37085000,0.375,1,2022-05-25 00:01:38.495410
37078000,0.0591,0,2022-05-25 00:01:39.839423
37070000,0.0107,0,2022-05-25 00:01:39.839423
37059000,0.4866,0,2022-05-25 00:01:39.839423
37053000,0.0989,0,2022-05-25 00:01:39.839423
37050000,0.4429,0,2022-05-25 00:01:39.839423
37079000,0.1374,1,2022-05-25 00:01:39.839423
37080000,0.0579,1,2022-05-25 00:01:39.839423
37081000,0.1075,1,2022-05-25 00:01:39.839423
37082000,0.0513,1,2022-05-25 00:01:39.839423
37084000,0.0555,1,2022-05-25 00:01:39.839423
37070000,0.0107,0,2022-05-25 00:01:40.894943
37059000,0.4099,0,2022-05-25 00:01:40.894943
37053000,0.0989,0,2022-05-25 00:01:40.894943
37050000,0.4047,0,2022-05-25 00:01:40.894943
37049000,0.4885,0,2022-05-25 00:01:40.894943
37076000,0.2474,1,2022-05-25 00:01:40.894943
37078000,0.0003,1,2022-05-25 00:01:40.894943
37079000,0.1374,1,2022-05-25 00:01:40.894943
37080000,0.0579,1,2022-05-25 00:01:40.894943
37081000,0.2474,1,2022-05-25 00:01:40.894943
37059000,0.4422,0,2022-05-25 00:01:41.944005
37053000,0.0989,0,2022-05-25 00:01:41.944005
37051000,0.4888,0,2022-05-25 00:01:41.944005
37050000,0.4047,0,2022-05-25 00:01:41.944005
37048000,0.0748,0,2022-05-25 00:01:41.944005
37076000,0.2474,1,2022-05-25 00:01:41.944005
37079000,0.1374,1,2022-05-25 00:01:41.944005
37080000,0.0579,1,2022-05-25 00:01:41.944005
37081000,0.1075,1,2022-05-25 00:01:41.944005
37082000,0.0513,1,2022-05-25 00:01:41.944005
37059000,0.4417,0,2022-05-25 00:01:42.999603
37053000,0.0989,0,2022-05-25 00:01:42.999603
37051000,0.4888,0,2022-05-25 00:01:42.999603
37050000,0.4047,0,2022-05-25 00:01:42.999603
37048000,0.0748,0,2022-05-25 00:01:42.999603
37076000,0.2474,1,2022-05-25 00:01:42.999603
37079000,0.1374,1,2022-05-25 00:01:42.999603
37080000,0.0579,1,2022-05-25 00:01:42.999603
37081000,0.1075,1,2022-05-25 00:01:42.999603
37082000,0.0513,1,2022-05-25 00:01:42.999603
37059000,0.4417,0,2022-05-25 00:01:44.054702
37053000,0.0989,0,2022-05-25 00:01:44.054702
37050000,0.4047,0,2022-05-25 00:01:44.054702
37048000,0.0748,0,2022-05-25 00:01:44.054702
37045000,0.005,0,2022-05-25 00:01:44.054702
37076000,0.2474,1,2022-05-25 00:01:44.054702
37079000,0.1374,1,2022-05-25 00:01:44.054702
37080000,0.1973,1,2022-05-25 00:01:44.054702
37081000,0.1075,1,2022-05-25 00:01:44.054702
37082000,0.0513,1,2022-05-25 00:01:44.054702
36939000,0.2184,0,2022-05-25 00:01:45.110531
36937000,0.4272,0,2022-05-25 00:01:45.110531
36934000,0.5909,0,2022-05-25 00:01:45.110531
36933000,0.1485,0,2022-05-25 00:01:45.110531
36925000,0.039,0,2022-05-25 00:01:45.110531
36956000,0.03,1,2022-05-25 00:01:45.110531
36957000,0.5499,1,2022-05-25 00:01:45.110531
36958000,0.0003,1,2022-05-25 00:01:45.110531
36959000,0.0003,1,2022-05-25 00:01:45.110531
36963000,0.057999999999999996,1,2022-05-25 00:01:45.110531
37076000,0.1182,0,2022-05-25 00:01:46.157326
37061000,0.0829,0,2022-05-25 00:01:46.157326
37059000,0.5262,0,2022-05-25 00:01:46.157326
37054000,0.0378,0,2022-05-25 00:01:46.157326
37053000,0.0989,0,2022-05-25 00:01:46.157326
37079000,0.0565,1,2022-05-25 00:01:46.157326
37080000,0.0579,1,2022-05-25 00:01:46.157326
37081000,0.0262,1,2022-05-25 00:01:46.157326
37082000,0.0513,1,2022-05-25 00:01:46.157326
37084000,0.0555,1,2022-05-25 00:01:46.157326
37076000,0.1286,0,2022-05-25 00:01:47.206911
37069000,0.0324,0,2022-05-25 00:01:47.206911
37061000,0.0829,0,2022-05-25 00:01:47.206911
37059000,0.5262,0,2022-05-25 00:01:47.206911
37054000,0.4883,0,2022-05-25 00:01:47.206911
37082000,0.05066517,1,2022-05-25 00:01:47.206911
37084000,0.0555,1,2022-05-25 00:01:47.206911
37085000,0.375,1,2022-05-25 00:01:47.206911
37086000,0.0737,1,2022-05-25 00:01:47.206911
37088000,0.08,1,2022-05-25 00:01:47.206911
37076000,0.0113,0,2022-05-25 00:01:48.277603
37069000,0.0324,0,2022-05-25 00:01:48.277603
37061000,0.0829,0,2022-05-25 00:01:48.277603
37060000,0.4887,0,2022-05-25 00:01:48.277603
37059000,0.5262,0,2022-05-25 00:01:48.277603
37082000,0.05066517,1,2022-05-25 00:01:48.277603
37085000,0.375,1,2022-05-25 00:01:48.277603
37086000,0.0737,1,2022-05-25 00:01:48.277603
37088000,0.08,1,2022-05-25 00:01:48.277603
37091000,0.025,1,2022-05-25 00:01:48.277603
37076000,0.009000000000000001,0,2022-05-25 00:01:49.325683
37069000,0.0324,0,2022-05-25 00:01:49.325683
37061000,0.0829,0,2022-05-25 00:01:49.325683
37059000,0.5262,0,2022-05-25 00:01:49.325683
37056000,0.5389,0,2022-05-25 00:01:49.325683
37082000,0.05066517,1,2022-05-25 00:01:49.325683
37085000,0.375,1,2022-05-25 00:01:49.325683
37086000,0.0737,1,2022-05-25 00:01:49.325683
37088000,0.08,1,2022-05-25 00:01:49.325683
37091000,0.025,1,2022-05-25 00:01:49.325683
37082000,0.0082,0,2022-05-25 00:01:50.376364
37069000,0.0324,0,2022-05-25 00:01:50.376364
37061000,0.0829,0,2022-05-25 00:01:50.376364
37060000,0.4888,0,2022-05-25 00:01:50.376364
37059000,0.5262,0,2022-05-25 00:01:50.376364
37085000,0.348,1,2022-05-25 00:01:50.376364
37086000,0.0737,1,2022-05-25 00:01:50.376364
37088000,0.08,1,2022-05-25 00:01:50.376364
37091000,0.0768,1,2022-05-25 00:01:50.376364
37093000,0.4012,1,2022-05-25 00:01:50.376364
37082000,0.0082,0,2022-05-25 00:01:51.422810
37071000,0.0539,0,2022-05-25 00:01:51.422810
37069000,0.0324,0,2022-05-25 00:01:51.422810
37067000,0.4065,0,2022-05-25 00:01:51.422810
37062000,0.5264,0,2022-05-25 00:01:51.422810
37086000,0.0288,1,2022-05-25 00:01:51.422810
37088000,0.08,1,2022-05-25 00:01:51.422810
37091000,0.0768,1,2022-05-25 00:01:51.422810
37093000,0.4012,1,2022-05-25 00:01:51.422810
37096000,0.1071,1,2022-05-25 00:01:51.422810
37087000,0.1322,0,2022-05-25 00:01:52.481674
37084000,0.0529,0,2022-05-25 00:01:52.481674
37079000,0.0508,0,2022-05-25 00:01:52.481674
37078000,0.0321,0,2022-05-25 00:01:52.481674
37076000,0.4147,0,2022-05-25 00:01:52.481674
37088000,0.0051,1,2022-05-25 00:01:52.481674
37091000,0.025,1,2022-05-25 00:01:52.481674
37098000,0.0751,1,2022-05-25 00:01:52.481674
37099000,0.0561,1,2022-05-25 00:01:52.481674
37100000,0.0001,1,2022-05-25 00:01:52.481674
37088000,0.1322,0,2022-05-25 00:01:53.531776
37087000,0.1322,0,2022-05-25 00:01:53.531776
37079000,0.0508,0,2022-05-25 00:01:53.531776
37078000,0.0321,0,2022-05-25 00:01:53.531776
37076000,0.4147,0,2022-05-25 00:01:53.531776
37098000,0.0621,1,2022-05-25 00:01:53.531776
37099000,0.0561,1,2022-05-25 00:01:53.531776
37100000,0.0001,1,2022-05-25 00:01:53.531776
37101000,0.3722,1,2022-05-25 00:01:53.531776
37102000,0.2544,1,2022-05-25 00:01:53.531776
37088000,0.1322,0,2022-05-25 00:01:54.578135
37087000,0.1322,0,2022-05-25 00:01:54.578135
37079000,0.0508,0,2022-05-25 00:01:54.578135
37078000,0.0321,0,2022-05-25 00:01:54.578135
37076000,0.4147,0,2022-05-25 00:01:54.578135
37098000,0.0999,1,2022-05-25 00:01:54.578135
37099000,0.0561,1,2022-05-25 00:01:54.578135
37100000,0.0001,1,2022-05-25 00:01:54.578135
37101000,0.3722,1,2022-05-25 00:01:54.578135
37102000,0.2544,1,2022-05-25 00:01:54.578135
37078000,0.0321,0,2022-05-25 00:01:55.630604
37076000,0.4147,0,2022-05-25 00:01:55.630604
37070000,0.1194,0,2022-05-25 00:01:55.630604
37069000,0.5213,0,2022-05-25 00:01:55.630604
37067000,0.4065,0,2022-05-25 00:01:55.630604
37086000,0.1944,1,2022-05-25 00:01:55.630604
37087000,0.0028,1,2022-05-25 00:01:55.630604
37098000,0.0999,1,2022-05-25 00:01:55.630604
37099000,0.1057,1,2022-05-25 00:01:55.630604
37100000,0.0001,1,2022-05-25 00:01:55.630604
37078000,0.0321,0,2022-05-25 00:01:56.686384
37076000,0.4147,0,2022-05-25 00:01:56.686384
37069000,0.5216,0,2022-05-25 00:01:56.686384
37067000,0.4065,0,2022-05-25 00:01:56.686384
37061000,0.0829,0,2022-05-25 00:01:56.686384
37086000,0.1944,1,2022-05-25 00:01:56.686384
37087000,0.0028,1,2022-05-25 00:01:56.686384
37096000,0.0715,1,2022-05-25 00:01:56.686384
37097000,0.0523,1,2022-05-25 00:01:56.686384
37098000,0.0999,1,2022-05-25 00:01:56.686384
37078000,0.0321,0,2022-05-25 00:01:57.736033
37076000,0.4147,0,2022-05-25 00:01:57.736033
37070000,0.0745,0,2022-05-25 00:01:57.736033
37069000,0.0324,0,2022-05-25 00:01:57.736033
37068000,0.4882,0,2022-05-25 00:01:57.736033
37089000,0.0309,1,2022-05-25 00:01:57.736033
37097000,0.1314,1,2022-05-25 00:01:57.736033
37098000,0.0325,1,2022-05-25 00:01:57.736033
37099000,0.1057,1,2022-05-25 00:01:57.736033
37100000,0.0001,1,2022-05-25 00:01:57.736033
37088000,0.1944,0,2022-05-25 00:01:58.786948
37086000,0.0782,0,2022-05-25 00:01:58.786948
37080000,0.0809,0,2022-05-25 00:01:58.786948
37078000,0.0321,0,2022-05-25 00:01:58.786948
37076000,0.4147,0,2022-05-25 00:01:58.786948
37101000,0.3022,1,2022-05-25 00:01:58.786948
37102000,0.2544,1,2022-05-25 00:01:58.786948
37105000,0.0545,1,2022-05-25 00:01:58.786948
37106000,0.0136,1,2022-05-25 00:01:58.786948
37108000,0.0769,1,2022-05-25 00:01:58.786948
37091000,0.1944,0,2022-05-25 00:01:59.836343
37088000,0.1944,0,2022-05-25 00:01:59.836343
37086000,0.0782,0,2022-05-25 00:01:59.836343
37080000,0.4964,0,2022-05-25 00:01:59.836343
37078000,0.0321,0,2022-05-25 00:01:59.836343
37100000,0.0003,1,2022-05-25 00:01:59.836343
37101000,0.02,1,2022-05-25 00:01:59.836343
37102000,0.2044,1,2022-05-25 00:01:59.836343
37106000,0.0136,1,2022-05-25 00:01:59.836343
37108000,0.0208,1,2022-05-25 00:01:59.836343
37091000,0.1944,0,2022-05-25 00:02:00.893069
37090000,0.0322,0,2022-05-25 00:02:00.893069
37089000,0.0362,0,2022-05-25 00:02:00.893069
37088000,0.6122,0,2022-05-25 00:02:00.893069
37087000,0.4881,0,2022-05-25 00:02:00.893069
37101000,0.0168,1,2022-05-25 00:02:00.893069
37102000,0.2044,1,2022-05-25 00:02:00.893069
37106000,0.0136,1,2022-05-25 00:02:00.893069
37108000,0.0208,1,2022-05-25 00:02:00.893069
37114000,0.1225,1,2022-05-25 00:02:00.893069
37091000,0.1944,0,2022-05-25 00:02:02.297722
37090000,0.0322,0,2022-05-25 00:02:02.297722
37088000,0.6122,0,2022-05-25 00:02:02.297722
37087000,0.0361,0,2022-05-25 00:02:02.297722
37081000,0.488,0,2022-05-25 00:02:02.297722
37101000,0.0043,1,2022-05-25 00:02:02.297722
37102000,0.2044,1,2022-05-25 00:02:02.297722
37106000,0.0136,1,2022-05-25 00:02:02.297722
37108000,0.0208,1,2022-05-25 00:02:02.297722
37114000,0.1225,1,2022-05-25 00:02:02.297722
37090000,0.031,0,2022-05-25 00:02:03.353344
37088000,0.6122,0,2022-05-25 00:02:03.353344
37087000,0.0361,0,2022-05-25 00:02:03.353344
37081000,0.4874,0,2022-05-25 00:02:03.353344
37080000,0.4155,0,2022-05-25 00:02:03.353344
37102000,0.1937,1,2022-05-25 00:02:03.353344
37106000,0.0136,1,2022-05-25 00:02:03.353344
37108000,0.0208,1,2022-05-25 00:02:03.353344
37114000,0.1225,1,2022-05-25 00:02:03.353344
37115000,0.3866,1,2022-05-25 00:02:03.353344
37101000,0.0043,0,2022-05-25 00:02:04.407637
37090000,0.031,0,2022-05-25 00:02:04.407637
37088000,0.6122,0,2022-05-25 00:02:04.407637
37082000,0.0361,0,2022-05-25 00:02:04.407637
37080000,0.4155,0,2022-05-25 00:02:04.407637
37102000,0.1937,1,2022-05-25 00:02:04.407637
37106000,0.0136,1,2022-05-25 00:02:04.407637
37108000,0.0208,1,2022-05-25 00:02:04.407637
37114000,0.1225,1,2022-05-25 00:02:04.407637
37115000,0.3866,1,2022-05-25 00:02:04.407637
37101000,0.0043,0,2022-05-25 00:02:05.453461
37090000,0.031,0,2022-05-25 00:02:05.453461
37088000,0.4178,0,2022-05-25 00:02:05.453461
37080000,0.4155,0,2022-05-25 00:02:05.453461
37078000,0.0321,0,2022-05-25 00:02:05.453461
37102000,0.1937,1,2022-05-25 00:02:05.453461
37105000,0.1276,1,2022-05-25 00:02:05.453461
37106000,0.0671,1,2022-05-25 00:02:05.453461
37107000,0.3528,1,2022-05-25 00:02:05.453461
37108000,0.0702,1,2022-05-25 00:02:05.453461
37101000,0.0054,0,2022-05-25 00:02:06.505721
37090000,0.031,0,2022-05-25 00:02:06.505721
37088000,0.4178,0,2022-05-25 00:02:06.505721
37080000,0.4155,0,2022-05-25 00:02:06.505721
37078000,0.0321,0,2022-05-25 00:02:06.505721
37102000,0.1506,1,2022-05-25 00:02:06.505721
37105000,0.1276,1,2022-05-25 00:02:06.505721
37106000,0.0671,1,2022-05-25 00:02:06.505721
37107000,0.3528,1,2022-05-25 00:02:06.505721
37108000,0.0702,1,2022-05-25 00:02:06.505721
37090000,0.031,0,2022-05-25 00:02:07.562555
37088000,0.4178,0,2022-05-25 00:02:07.562555
37080000,0.4155,0,2022-05-25 00:02:07.562555
37078000,0.0321,0,2022-05-25 00:02:07.562555
37074000,0.5386,0,2022-05-25 00:02:07.562555
37102000,0.1516,1,2022-05-25 00:02:07.562555
37104000,0.1354,1,2022-05-25 00:02:07.562555
37105000,0.1276,1,2022-05-25 00:02:07.562555
37106000,0.0671,1,2022-05-25 00:02:07.562555
37107000,0.3528,1,2022-05-25 00:02:07.562555
37080000,0.3171,0,2022-05-25 00:02:08.617257
37078000,0.0321,0,2022-05-25 00:02:08.617257
37074000,0.5386,0,2022-05-25 00:02:08.617257
37071000,0.0988,0,2022-05-25 00:02:08.617257
37070000,0.0745,0,2022-05-25 00:02:08.617257
37099000,0.2308,1,2022-05-25 00:02:08.617257
37102000,0.3594,1,2022-05-25 00:02:08.617257
37105000,0.1276,1,2022-05-25 00:02:08.617257
37106000,0.2022,1,2022-05-25 00:02:08.617257
37107000,0.3528,1,2022-05-25 00:02:08.617257
37080000,0.3136,0,2022-05-25 00:02:09.665510
37078000,0.0321,0,2022-05-25 00:02:09.665510
37074000,0.5386,0,2022-05-25 00:02:09.665510
37071000,0.0988,0,2022-05-25 00:02:09.665510
37070000,0.0745,0,2022-05-25 00:02:09.665510
37088000,0.132,1,2022-05-25 00:02:09.665510
37099000,0.2283,1,2022-05-25 00:02:09.665510
37100000,0.1275,1,2022-05-25 00:02:09.665510
37102000,0.3594,1,2022-05-25 00:02:09.665510
37105000,0.1276,1,2022-05-25 00:02:09.665510
37080000,0.3136,0,2022-05-25 00:02:10.711008
37078000,0.0321,0,2022-05-25 00:02:10.711008
37074000,0.5386,0,2022-05-25 00:02:10.711008
37070000,0.0745,0,2022-05-25 00:02:10.711008
37069000,0.0324,0,2022-05-25 00:02:10.711008
37088000,0.1253,1,2022-05-25 00:02:10.711008
37097000,0.0319,1,2022-05-25 00:02:10.711008
37100000,0.1275,1,2022-05-25 00:02:10.711008
37102000,0.3594,1,2022-05-25 00:02:10.711008
37104000,0.674,1,2022-05-25 00:02:10.711008
37080000,0.3136,0,2022-05-25 00:02:11.761441
37079000,0.0827,0,2022-05-25 00:02:11.761441
37078000,0.0321,0,2022-05-25 00:02:11.761441
37074000,0.5386,0,2022-05-25 00:02:11.761441
37071000,0.6,0,2022-05-25 00:02:11.761441
37088000,0.1253,1,2022-05-25 00:02:11.761441
37097000,0.0319,1,2022-05-25 00:02:11.761441
37100000,0.0502,1,2022-05-25 00:02:11.761441
37102000,0.2886,1,2022-05-25 00:02:11.761441
37105000,0.055999999999999994,1,2022-05-25 00:02:11.761441
37090000,0.132,0,2022-05-25 00:02:12.824604
37088000,0.0782,0,2022-05-25 00:02:12.824604
37082000,0.0766,0,2022-05-25 00:02:12.824604
37080000,0.3136,0,2022-05-25 00:02:12.824604
37079000,0.0827,0,2022-05-25 00:02:12.824604
37097000,0.0319,1,2022-05-25 00:02:12.824604
37100000,0.0502,1,2022-05-25 00:02:12.824604
37102000,0.2886,1,2022-05-25 00:02:12.824604
37105000,0.055999999999999994,1,2022-05-25 00:02:12.824604
37106000,0.0535,1,2022-05-25 00:02:12.824604
37090000,0.2102,0,2022-05-25 00:02:13.878833
37089000,0.1253,0,2022-05-25 00:02:13.878833
37088000,0.0782,0,2022-05-25 00:02:13.878833
37082000,0.0766,0,2022-05-25 00:02:13.878833
37080000,0.3136,0,2022-05-25 00:02:13.878833
37097000,0.0319,1,2022-05-25 00:02:13.878833
37100000,0.0502,1,2022-05-25 00:02:13.878833
37102000,0.2886,1,2022-05-25 00:02:13.878833
37105000,0.055999999999999994,1,2022-05-25 00:02:13.878833
37106000,0.0535,1,2022-05-25 00:02:13.878833
37090000,0.0782,0,2022-05-25 00:02:14.932403
37089000,0.1253,0,2022-05-25 00:02:14.932403
37082000,0.0766,0,2022-05-25 00:02:14.932403
37080000,0.3136,0,2022-05-25 00:02:14.932403
37079000,0.0827,0,2022-05-25 00:02:14.932403
37097000,1.085e-05,1,2022-05-25 00:02:14.932403
37100000,0.0502,1,2022-05-25 00:02:14.932403
37102000,0.2886,1,2022-05-25 00:02:14.932403
37105000,0.055999999999999994,1,2022-05-25 00:02:14.932403
37106000,0.0535,1,2022-05-25 00:02:14.932403
37089000,0.0581,0,2022-05-25 00:02:15.987374
37086000,0.0317,0,2022-05-25 00:02:15.987374
37082000,0.0766,0,2022-05-25 00:02:15.987374
37080000,0.3136,0,2022-05-25 00:02:15.987374
37079000,0.0827,0,2022-05-25 00:02:15.987374
37090000,0.0049,1,2022-05-25 00:02:15.987374
37097000,1.085e-05,1,2022-05-25 00:02:15.987374
37100000,0.0502,1,2022-05-25 00:02:15.987374
37102000,0.2886,1,2022-05-25 00:02:15.987374
37105000,0.076,1,2022-05-25 00:02:15.987374
37087000,0.0324,0,2022-05-25 00:02:17.038686
37082000,0.0766,0,2022-05-25 00:02:17.038686
37080000,0.3136,0,2022-05-25 00:02:17.038686
37079000,0.0827,0,2022-05-25 00:02:17.038686
37075000,0.6,0,2022-05-25 00:02:17.038686
37090000,0.0015,1,2022-05-25 00:02:17.038686
37097000,1.085e-05,1,2022-05-25 00:02:17.038686
37100000,0.0502,1,2022-05-25 00:02:17.038686
37102000,0.2886,1,2022-05-25 00:02:17.038686
37105000,0.076,1,2022-05-25 00:02:17.038686
37087000,0.0324,0,2022-05-25 00:02:18.086737
37082000,0.0766,0,2022-05-25 00:02:18.086737
37080000,0.3136,0,2022-05-25 00:02:18.086737
37079000,0.0827,0,2022-05-25 00:02:18.086737
37076000,0.0355,0,2022-05-25 00:02:18.086737
37090000,0.0015,1,2022-05-25 00:02:18.086737
37102000,0.2365,1,2022-05-25 00:02:18.086737
37105000,0.076,1,2022-05-25 00:02:18.086737
37106000,0.0535,1,2022-05-25 00:02:18.086737
37107000,0.3528,1,2022-05-25 00:02:18.086737
37087000,0.0324,0,2022-05-25 00:02:19.139657
37082000,0.0766,0,2022-05-25 00:02:19.139657
37081000,0.0007,0,2022-05-25 00:02:19.139657
37080000,0.3136,0,2022-05-25 00:02:19.139657
37079000,0.0827,0,2022-05-25 00:02:19.139657
37102000,0.2337,1,2022-05-25 00:02:19.139657
37105000,0.076,1,2022-05-25 00:02:19.139657
37106000,0.0535,1,2022-05-25 00:02:19.139657
37107000,0.3528,1,2022-05-25 00:02:19.139657
37108000,0.0494,1,2022-05-25 00:02:19.139657
37082000,0.0766,0,2022-05-25 00:02:20.187082
37081000,0.0007,0,2022-05-25 00:02:20.187082
37080000,0.3136,0,2022-05-25 00:02:20.187082
37079000,0.0827,0,2022-05-25 00:02:20.187082
37074000,0.5386,0,2022-05-25 00:02:20.187082
37102000,0.2337,1,2022-05-25 00:02:20.187082
37105000,0.076,1,2022-05-25 00:02:20.187082
37106000,0.0535,1,2022-05-25 00:02:20.187082
37107000,0.3528,1,2022-05-25 00:02:20.187082
37108000,0.0494,1,2022-05-25 00:02:20.187082
37082000,0.0766,0,2022-05-25 00:02:21.234222
37081000,0.0007,0,2022-05-25 00:02:21.234222
37080000,0.3136,0,2022-05-25 00:02:21.234222
37079000,0.0827,0,2022-05-25 00:02:21.234222
37074000,0.5386,0,2022-05-25 00:02:21.234222
37102000,0.2337,1,2022-05-25 00:02:21.234222
37105000,0.076,1,2022-05-25 00:02:21.234222
37106000,0.0535,1,2022-05-25 00:02:21.234222
37107000,0.3528,1,2022-05-25 00:02:21.234222
37108000,0.0494,1,2022-05-25 00:02:21.234222
37084000,0.032,0,2022-05-25 00:02:22.287190
37082000,0.0766,0,2022-05-25 00:02:22.287190
37081000,0.0007,0,2022-05-25 00:02:22.287190
37080000,0.3136,0,2022-05-25 00:02:22.287190
37079000,0.0827,0,2022-05-25 00:02:22.287190
37102000,0.2324,1,2022-05-25 00:02:22.287190
37105000,0.076,1,2022-05-25 00:02:22.287190
37106000,0.0535,1,2022-05-25 00:02:22.287190
37107000,0.3528,1,2022-05-25 00:02:22.287190
37108000,0.1845,1,2022-05-25 00:02:22.287190
37084000,0.032,0,2022-05-25 00:02:23.342876
37082000,0.0766,0,2022-05-25 00:02:23.342876
37081000,0.0007,0,2022-05-25 00:02:23.342876
37080000,0.3136,0,2022-05-25 00:02:23.342876
37079000,0.0827,0,2022-05-25 00:02:23.342876
37102000,0.2324,1,2022-05-25 00:02:23.342876
37105000,0.076,1,2022-05-25 00:02:23.342876
37106000,0.0535,1,2022-05-25 00:02:23.342876
37107000,0.3528,1,2022-05-25 00:02:23.342876
37108000,0.1845,1,2022-05-25 00:02:23.342876
37088000,0.0145,0,2022-05-25 00:02:24.403816
37084000,0.0319,0,2022-05-25 00:02:24.403816
37082000,0.1321,0,2022-05-25 00:02:24.403816
37081000,0.0007,0,2022-05-25 00:02:24.403816
37080000,0.3136,0,2022-05-25 00:02:24.403816
37102000,0.01355057,1,2022-05-25 00:02:24.403816
37103000,0.0803,1,2022-05-25 00:02:24.403816
37105000,0.076,1,2022-05-25 00:02:24.403816
37106000,0.0535,1,2022-05-25 00:02:24.403816
37107000,0.3528,1,2022-05-25 00:02:24.403816
37088000,0.0145,0,2022-05-25 00:02:25.454972
37084000,0.0319,0,2022-05-25 00:02:25.454972
37082000,0.1321,0,2022-05-25 00:02:25.454972
37081000,0.0007,0,2022-05-25 00:02:25.454972
37080000,0.3136,0,2022-05-25 00:02:25.454972
37102000,0.01355057,1,2022-05-25 00:02:25.454972
37103000,0.0803,1,2022-05-25 00:02:25.454972
37105000,0.076,1,2022-05-25 00:02:25.454972
37106000,0.0535,1,2022-05-25 00:02:25.454972
37107000,0.3528,1,2022-05-25 00:02:25.454972
37088000,0.0145,0,2022-05-25 00:02:26.506117
37084000,0.0319,0,2022-05-25 00:02:26.506117
37082000,0.1321,0,2022-05-25 00:02:26.506117
37081000,0.0007,0,2022-05-25 00:02:26.506117
37080000,0.3136,0,2022-05-25 00:02:26.506117
37102000,0.01355057,1,2022-05-25 00:02:26.506117
37103000,0.0803,1,2022-05-25 00:02:26.506117
37105000,0.076,1,2022-05-25 00:02:26.506117
37106000,0.0535,1,2022-05-25 00:02:26.506117
37107000,0.3528,1,2022-05-25 00:02:26.506117
37088000,0.0145,0,2022-05-25 00:02:27.555084
37084000,0.0319,0,2022-05-25 00:02:27.555084
37082000,0.1321,0,2022-05-25 00:02:27.555084
37081000,0.0007,0,2022-05-25 00:02:27.555084
37080000,0.3136,0,2022-05-25 00:02:27.555084
37102000,0.01355057,1,2022-05-25 00:02:27.555084
37103000,0.0803,1,2022-05-25 00:02:27.555084
37105000,0.076,1,2022-05-25 00:02:27.555084
37106000,0.0535,1,2022-05-25 00:02:27.555084
37107000,0.3528,1,2022-05-25 00:02:27.555084
37088000,0.0145,0,2022-05-25 00:02:28.602632
37084000,0.0319,0,2022-05-25 00:02:28.602632
37082000,0.1321,0,2022-05-25 00:02:28.602632
37081000,0.0007,0,2022-05-25 00:02:28.602632
37080000,0.3136,0,2022-05-25 00:02:28.602632
37102000,0.01355057,1,2022-05-25 00:02:28.602632
37103000,0.0803,1,2022-05-25 00:02:28.602632
37105000,0.076,1,2022-05-25 00:02:28.602632
37106000,0.0535,1,2022-05-25 00:02:28.602632
37107000,0.3528,1,2022-05-25 00:02:28.602632
37104000,0.1766,0,2022-05-25 00:02:29.672130
37103000,0.0938,0,2022-05-25 00:02:29.672130
37090000,0.0849,0,2022-05-25 00:02:29.672130
37089000,0.349,0,2022-05-25 00:02:29.672130
37088000,0.0145,0,2022-05-25 00:02:29.672130
37105000,0.02,1,2022-05-25 00:02:29.672130
37109000,0.0563,1,2022-05-25 00:02:29.672130
37111000,0.0003,1,2022-05-25 00:02:29.672130
37113000,0.0003,1,2022-05-25 00:02:29.672130
37114000,0.0487,1,2022-05-25 00:02:29.672130
37090000,0.0849,0,2022-05-25 00:02:30.733703
37089000,0.349,0,2022-05-25 00:02:30.733703
37088000,0.0145,0,2022-05-25 00:02:30.733703
37084000,0.0319,0,2022-05-25 00:02:30.733703
37083000,0.0344,0,2022-05-25 00:02:30.733703
37102000,0.384,1,2022-05-25 00:02:30.733703
37105000,0.02,1,2022-05-25 00:02:30.733703
37106000,0.0834,1,2022-05-25 00:02:30.733703
37108000,0.0305,1,2022-05-25 00:02:30.733703
37109000,0.1651,1,2022-05-25 00:02:30.733703
37090000,0.0849,0,2022-05-25 00:02:31.780171
37089000,0.349,0,2022-05-25 00:02:31.780171
37088000,0.0145,0,2022-05-25 00:02:31.780171
37084000,0.0319,0,2022-05-25 00:02:31.780171
37083000,0.0344,0,2022-05-25 00:02:31.780171
37102000,0.384,1,2022-05-25 00:02:31.780171
37105000,0.02,1,2022-05-25 00:02:31.780171
37106000,0.0834,1,2022-05-25 00:02:31.780171
37108000,0.0305,1,2022-05-25 00:02:31.780171
37109000,0.1651,1,2022-05-25 00:02:31.780171
37090000,0.0849,0,2022-05-25 00:02:32.825358
37088000,0.045,0,2022-05-25 00:02:32.825358
37084000,0.0319,0,2022-05-25 00:02:32.825358
37082000,0.1321,0,2022-05-25 00:02:32.825358
37081000,0.0348,0,2022-05-25 00:02:32.825358
37102000,0.37860946,1,2022-05-25 00:02:32.825358
37105000,0.02,1,2022-05-25 00:02:32.825358
37106000,0.133,1,2022-05-25 00:02:32.825358
37107000,0.4189,1,2022-05-25 00:02:32.825358
37108000,0.0305,1,2022-05-25 00:02:32.825358
37090000,0.0297,0,2022-05-25 00:02:33.878014
37088000,0.045,0,2022-05-25 00:02:33.878014
37084000,0.0319,0,2022-05-25 00:02:33.878014
37082000,0.0766,0,2022-05-25 00:02:33.878014
37081000,0.0007,0,2022-05-25 00:02:33.878014
37102000,0.30040946,1,2022-05-25 00:02:33.878014
37105000,0.02,1,2022-05-25 00:02:33.878014
37106000,0.0834,1,2022-05-25 00:02:33.878014
37107000,0.4189,1,2022-05-25 00:02:33.878014
37109000,0.1088,1,2022-05-25 00:02:33.878014
37090000,0.0294,0,2022-05-25 00:02:34.932271
37088000,0.0957,0,2022-05-25 00:02:34.932271
37084000,0.0319,0,2022-05-25 00:02:34.932271
37082000,0.0766,0,2022-05-25 00:02:34.932271
37081000,0.0007,0,2022-05-25 00:02:34.932271
37101000,0.0301,1,2022-05-25 00:02:34.932271
37102000,0.30040946,1,2022-05-25 00:02:34.932271
37105000,0.02,1,2022-05-25 00:02:34.932271
37106000,0.0834,1,2022-05-25 00:02:34.932271
37107000,0.4189,1,2022-05-25 00:02:34.932271
37090000,0.0294,0,2022-05-25 00:02:35.979726
37088000,0.0957,0,2022-05-25 00:02:35.979726
37084000,0.0319,0,2022-05-25 00:02:35.979726
37082000,0.0766,0,2022-05-25 00:02:35.979726
37081000,0.0007,0,2022-05-25 00:02:35.979726
37100000,0.0519,1,2022-05-25 00:02:35.979726
37101000,0.0301,1,2022-05-25 00:02:35.979726
37102000,0.30040946,1,2022-05-25 00:02:35.979726
37105000,0.02,1,2022-05-25 00:02:35.979726
37106000,0.0834,1,2022-05-25 00:02:35.979726
37084000,0.0319,0,2022-05-25 00:02:37.037254
37081000,0.0007,0,2022-05-25 00:02:37.037254
37070000,0.0988,0,2022-05-25 00:02:37.037254
37069000,0.0324,0,2022-05-25 00:02:37.037254
37067000,0.4065,0,2022-05-25 00:02:37.037254
37088000,0.0784,1,2022-05-25 00:02:37.037254
37098000,0.0831,1,2022-05-25 00:02:37.037254
37099000,0.3631,1,2022-05-25 00:02:37.037254
37100000,0.0519,1,2022-05-25 00:02:37.037254
37101000,0.0301,1,2022-05-25 00:02:37.037254
37081000,0.0007,0,2022-05-25 00:02:38.114074
37071000,0.0855,0,2022-05-25 00:02:38.114074
37070000,0.0988,0,2022-05-25 00:02:38.114074
37069000,0.0324,0,2022-05-25 00:02:38.114074
37067000,0.4065,0,2022-05-25 00:02:38.114074
37088000,0.1621,1,2022-05-25 00:02:38.114074
37093000,0.0862,1,2022-05-25 00:02:38.114074
37096000,0.0574,1,2022-05-25 00:02:38.114074
37098000,0.1335,1,2022-05-25 00:02:38.114074
37099000,0.3631,1,2022-05-25 00:02:38.114074
37081000,0.0007,0,2022-05-25 00:02:39.163630
37079000,0.032,0,2022-05-25 00:02:39.163630
37074000,0.5386,0,2022-05-25 00:02:39.163630
37071000,0.0855,0,2022-05-25 00:02:39.163630
37069000,0.0324,0,2022-05-25 00:02:39.163630
37088000,0.1621,1,2022-05-25 00:02:39.163630
37089000,0.0526,1,2022-05-25 00:02:39.163630
37093000,0.0862,1,2022-05-25 00:02:39.163630
37096000,0.0574,1,2022-05-25 00:02:39.163630
37098000,0.1335,1,2022-05-25 00:02:39.163630
37081000,0.0007,0,2022-05-25 00:02:40.214743
37071000,0.0855,0,2022-05-25 00:02:40.214743
37070000,0.0988,0,2022-05-25 00:02:40.214743
37069000,0.0324,0,2022-05-25 00:02:40.214743
37067000,0.4065,0,2022-05-25 00:02:40.214743
37088000,0.1621,1,2022-05-25 00:02:40.214743
37093000,0.0862,1,2022-05-25 00:02:40.214743
37096000,0.0574,1,2022-05-25 00:02:40.214743
37098000,0.1335,1,2022-05-25 00:02:40.214743
37099000,0.3631,1,2022-05-25 00:02:40.214743
37081000,0.0007,0,2022-05-25 00:02:41.270165
37079000,0.1409,0,2022-05-25 00:02:41.270165
37075000,0.3531,0,2022-05-25 00:02:41.270165
37074000,0.5386,0,2022-05-25 00:02:41.270165
37071000,0.0855,0,2022-05-25 00:02:41.270165
37093000,0.0862,1,2022-05-25 00:02:41.270165
37096000,0.0574,1,2022-05-25 00:02:41.270165
37097000,1.2718,1,2022-05-25 00:02:41.270165
37098000,0.1335,1,2022-05-25 00:02:41.270165
37099000,0.3631,1,2022-05-25 00:02:41.270165
36939000,0.2184,0,2022-05-25 00:02:42.316439
36937000,0.4272,0,2022-05-25 00:02:42.316439
36934000,0.5909,0,2022-05-25 00:02:42.316439
36933000,0.1485,0,2022-05-25 00:02:42.316439
36925000,0.039,0,2022-05-25 00:02:42.316439
36956000,0.03,1,2022-05-25 00:02:42.316439
36957000,0.5499,1,2022-05-25 00:02:42.316439
36958000,0.0003,1,2022-05-25 00:02:42.316439
36959000,0.0003,1,2022-05-25 00:02:42.316439
36963000,0.057999999999999996,1,2022-05-25 00:02:42.316439
37081000,0.0007,0,2022-05-25 00:02:43.364564
37079000,0.1409,0,2022-05-25 00:02:43.364564
37075000,0.3531,0,2022-05-25 00:02:43.364564
37071000,0.0855,0,2022-05-25 00:02:43.364564
37069000,0.0324,0,2022-05-25 00:02:43.364564
37093000,0.0712,1,2022-05-25 00:02:43.364564
37096000,0.0574,1,2022-05-25 00:02:43.364564
37098000,0.2667,1,2022-05-25 00:02:43.364564
37099000,0.3631,1,2022-05-25 00:02:43.364564
37100000,0.0519,1,2022-05-25 00:02:43.364564
37081000,0.0007,0,2022-05-25 00:02:44.410986
37079000,0.1409,0,2022-05-25 00:02:44.410986
37075000,0.3531,0,2022-05-25 00:02:44.410986
37071000,0.0855,0,2022-05-25 00:02:44.410986
37069000,0.0324,0,2022-05-25 00:02:44.410986
37093000,0.0712,1,2022-05-25 00:02:44.410986
37096000,0.0574,1,2022-05-25 00:02:44.410986
37098000,0.1335,1,2022-05-25 00:02:44.410986
37099000,0.3631,1,2022-05-25 00:02:44.410986
37100000,0.0519,1,2022-05-25 00:02:44.410986
37069000,0.0823,0,2022-05-25 00:02:45.647638
37068000,0.0542,0,2022-05-25 00:02:45.647638
37067000,0.4065,0,2022-05-25 00:02:45.647638
37064000,0.5386,0,2022-05-25 00:02:45.647638
37061000,0.0829,0,2022-05-25 00:02:45.647638
37079000,0.10979092,1,2022-05-25 00:02:45.647638
37085000,0.0321,1,2022-05-25 00:02:45.647638
37091000,0.5171,1,2022-05-25 00:02:45.647638
37093000,0.0712,1,2022-05-25 00:02:45.647638
37095000,0.1327,1,2022-05-25 00:02:45.647638
37079000,0.00300908,0,2022-05-25 00:02:46.727050
37071000,0.0839,0,2022-05-25 00:02:46.727050
37069000,0.0823,0,2022-05-25 00:02:46.727050
37068000,0.0542,0,2022-05-25 00:02:46.727050
37064000,0.5386,0,2022-05-25 00:02:46.727050
37083000,0.1616,1,2022-05-25 00:02:46.727050
37085000,0.0321,1,2022-05-25 00:02:46.727050
37091000,0.5171,1,2022-05-25 00:02:46.727050
37093000,0.0712,1,2022-05-25 00:02:46.727050
37096000,0.596,1,2022-05-25 00:02:46.727050
37071000,0.0322,0,2022-05-25 00:02:47.779273
37069000,0.02390908,0,2022-05-25 00:02:47.779273
37068000,0.0542,0,2022-05-25 00:02:47.779273
37064000,0.5386,0,2022-05-25 00:02:47.779273
37061000,0.0829,0,2022-05-25 00:02:47.779273
37083000,0.1047,1,2022-05-25 00:02:47.779273
37084000,0.1349,1,2022-05-25 00:02:47.779273
37085000,0.0321,1,2022-05-25 00:02:47.779273
37091000,0.5171,1,2022-05-25 00:02:47.779273
37093000,0.0712,1,2022-05-25 00:02:47.779273
37071000,0.0322,0,2022-05-25 00:02:48.845304
37068000,0.0542,0,2022-05-25 00:02:48.845304
37061000,0.0829,0,2022-05-25 00:02:48.845304
37060000,0.3647,0,2022-05-25 00:02:48.845304
37059000,0.0323,0,2022-05-25 00:02:48.845304
37083000,0.5436,1,2022-05-25 00:02:48.845304
37084000,0.1833,1,2022-05-25 00:02:48.845304
37085000,0.0321,1,2022-05-25 00:02:48.845304
37091000,0.5171,1,2022-05-25 00:02:48.845304
37093000,0.0712,1,2022-05-25 00:02:48.845304
37068000,0.0542,0,2022-05-25 00:02:49.895045
37064000,0.5386,0,2022-05-25 00:02:49.895045
37061000,0.0829,0,2022-05-25 00:02:49.895045
37060000,0.3647,0,2022-05-25 00:02:49.895045
37059000,0.0323,0,2022-05-25 00:02:49.895045
37083000,0.5436,1,2022-05-25 00:02:49.895045
37084000,0.1833,1,2022-05-25 00:02:49.895045
37085000,0.0321,1,2022-05-25 00:02:49.895045
37090000,0.1326,1,2022-05-25 00:02:49.895045
37091000,0.5171,1,2022-05-25 00:02:49.895045
37068000,0.0303,0,2022-05-25 00:02:50.945126
37064000,0.5386,0,2022-05-25 00:02:50.945126
37063000,0.0556,0,2022-05-25 00:02:50.945126
37061000,0.0829,0,2022-05-25 00:02:50.945126
37060000,0.3647,0,2022-05-25 00:02:50.945126
37083000,0.4959,1,2022-05-25 00:02:50.945126
37084000,0.1833,1,2022-05-25 00:02:50.945126
37085000,0.0321,1,2022-05-25 00:02:50.945126
37090000,0.2176,1,2022-05-25 00:02:50.945126
37091000,0.5171,1,2022-05-25 00:02:50.945126
36939000,0.2184,0,2022-05-25 00:02:51.993204
36937000,0.4272,0,2022-05-25 00:02:51.993204
36934000,0.5909,0,2022-05-25 00:02:51.993204
36933000,0.1485,0,2022-05-25 00:02:51.993204
36925000,0.039,0,2022-05-25 00:02:51.993204
36956000,0.03,1,2022-05-25 00:02:51.993204
36957000,0.5499,1,2022-05-25 00:02:51.993204
36958000,0.0003,1,2022-05-25 00:02:51.993204
36959000,0.0003,1,2022-05-25 00:02:51.993204
36963000,0.057999999999999996,1,2022-05-25 00:02:51.993204
37073000,0.0316,0,2022-05-25 00:02:53.043278
37072000,0.0003,0,2022-05-25 00:02:53.043278
37070000,0.0558,0,2022-05-25 00:02:53.043278
37069000,0.0496,0,2022-05-25 00:02:53.043278
37063000,0.0556,0,2022-05-25 00:02:53.043278
37084000,0.2203,1,2022-05-25 00:02:53.043278
37085000,0.0321,1,2022-05-25 00:02:53.043278
37091000,0.5171,1,2022-05-25 00:02:53.043278
37093000,0.0712,1,2022-05-25 00:02:53.043278
37095000,0.1323,1,2022-05-25 00:02:53.043278
37073000,0.0316,0,2022-05-25 00:02:54.103363
37072000,0.0003,0,2022-05-25 00:02:54.103363
37063000,0.0556,0,2022-05-25 00:02:54.103363
37061000,0.0544,0,2022-05-25 00:02:54.103363
37060000,0.3782,0,2022-05-25 00:02:54.103363
37083000,0.5838,1,2022-05-25 00:02:54.103363
37084000,0.3526,1,2022-05-25 00:02:54.103363
37085000,0.0804,1,2022-05-25 00:02:54.103363
37091000,0.5171,1,2022-05-25 00:02:54.103363
37093000,0.0712,1,2022-05-25 00:02:54.103363
37073000,0.0316,0,2022-05-25 00:02:55.164131
37072000,0.0003,0,2022-05-25 00:02:55.164131
37063000,0.0556,0,2022-05-25 00:02:55.164131
37061000,0.0544,0,2022-05-25 00:02:55.164131
37060000,0.3782,0,2022-05-25 00:02:55.164131
37083000,0.574,1,2022-05-25 00:02:55.164131
37084000,0.2203,1,2022-05-25 00:02:55.164131
37085000,0.0804,1,2022-05-25 00:02:55.164131
37090000,0.1323,1,2022-05-25 00:02:55.164131
37091000,0.5171,1,2022-05-25 00:02:55.164131
37073000,0.0316,0,2022-05-25 00:02:56.236589
37072000,0.0003,0,2022-05-25 00:02:56.236589
37064000,0.5387,0,2022-05-25 00:02:56.236589
37063000,0.0556,0,2022-05-25 00:02:56.236589
37061000,0.0544,0,2022-05-25 00:02:56.236589
37083000,0.5488,1,2022-05-25 00:02:56.236589
37084000,0.2203,1,2022-05-25 00:02:56.236589
37085000,0.0804,1,2022-05-25 00:02:56.236589
37091000,0.5171,1,2022-05-25 00:02:56.236589
37093000,0.0712,1,2022-05-25 00:02:56.236589
37073000,0.0316,0,2022-05-25 00:02:57.293486
37072000,0.0003,0,2022-05-25 00:02:57.293486
37064000,0.5387,0,2022-05-25 00:02:57.293486
37063000,0.0556,0,2022-05-25 00:02:57.293486
37061000,0.0544,0,2022-05-25 00:02:57.293486
37083000,0.5488,1,2022-05-25 00:02:57.293486
37084000,0.2203,1,2022-05-25 00:02:57.293486
37085000,0.0804,1,2022-05-25 00:02:57.293486
37091000,0.5171,1,2022-05-25 00:02:57.293486
37093000,0.0712,1,2022-05-25 00:02:57.293486
37073000,0.0316,0,2022-05-25 00:02:58.359740
37072000,0.0003,0,2022-05-25 00:02:58.359740
37064000,0.5387,0,2022-05-25 00:02:58.359740
37063000,0.0556,0,2022-05-25 00:02:58.359740
37061000,0.0544,0,2022-05-25 00:02:58.359740
37083000,0.5488,1,2022-05-25 00:02:58.359740
37084000,0.2203,1,2022-05-25 00:02:58.359740
37085000,0.0804,1,2022-05-25 00:02:58.359740
37091000,0.5171,1,2022-05-25 00:02:58.359740
37093000,0.0712,1,2022-05-25 00:02:58.359740
37083000,0.1322,0,2022-05-25 00:02:59.571697
37073000,0.0316,0,2022-05-25 00:02:59.571697
37072000,0.0003,0,2022-05-25 00:02:59.571697
37071000,0.057,0,2022-05-25 00:02:59.571697
37070000,0.0536,0,2022-05-25 00:02:59.571697
37084000,0.1349,1,2022-05-25 00:02:59.571697
37085000,0.0321,1,2022-05-25 00:02:59.571697
37091000,0.5171,1,2022-05-25 00:02:59.571697
37093000,0.0712,1,2022-05-25 00:02:59.571697
37096000,0.5387,1,2022-05-25 00:02:59.571697
37084000,0.0755,0,2022-05-25 00:03:00.623409
37083000,0.1322,0,2022-05-25 00:03:00.623409
37073000,0.0316,0,2022-05-25 00:03:00.623409
37072000,0.0003,0,2022-05-25 00:03:00.623409
37071000,0.057,0,2022-05-25 00:03:00.623409
37091000,0.5171,1,2022-05-25 00:03:00.623409
37093000,0.0712,1,2022-05-25 00:03:00.623409
37096000,0.0757,1,2022-05-25 00:03:00.623409
37099000,0.3631,1,2022-05-25 00:03:00.623409
37100000,0.0519,1,2022-05-25 00:03:00.623409
37085000,0.0567,0,2022-05-25 00:03:01.668617
37084000,0.0755,0,2022-05-25 00:03:01.668617
37073000,0.0316,0,2022-05-25 00:03:01.668617
37072000,0.0003,0,2022-05-25 00:03:01.668617
37071000,0.057,0,2022-05-25 00:03:01.668617
37091000,0.5171,1,2022-05-25 00:03:01.668617
37093000,0.0712,1,2022-05-25 00:03:01.668617
37096000,0.0757,1,2022-05-25 00:03:01.668617
37098000,0.1319,1,2022-05-25 00:03:01.668617
37099000,0.3631,1,2022-05-25 00:03:01.668617
37085000,0.0567,0,2022-05-25 00:03:02.736623
37084000,0.0755,0,2022-05-25 00:03:02.736623
37073000,0.0316,0,2022-05-25 00:03:02.736623
37072000,0.0003,0,2022-05-25 00:03:02.736623
37071000,0.057,0,2022-05-25 00:03:02.736623
37091000,0.5171,1,2022-05-25 00:03:02.736623
37093000,0.0712,1,2022-05-25 00:03:02.736623
37096000,0.0757,1,2022-05-25 00:03:02.736623
37098000,0.1319,1,2022-05-25 00:03:02.736623
37099000,0.3631,1,2022-05-25 00:03:02.736623
37072000,0.0003,0,2022-05-25 00:03:03.788144
37071000,0.057,0,2022-05-25 00:03:03.788144
37070000,0.0536,0,2022-05-25 00:03:03.788144
37065000,0.0003,0,2022-05-25 00:03:03.788144
37064000,0.5386,0,2022-05-25 00:03:03.788144
37082000,0.3755,1,2022-05-25 00:03:03.788144
37083000,0.2642,1,2022-05-25 00:03:03.788144
37084000,0.0754,1,2022-05-25 00:03:03.788144
37085000,0.0311,1,2022-05-25 00:03:03.788144
37089000,0.0849,1,2022-05-25 00:03:03.788144
37082000,0.0116,0,2022-05-25 00:03:04.842444
37072000,0.0003,0,2022-05-25 00:03:04.842444
37071000,0.057,0,2022-05-25 00:03:04.842444
37070000,0.4274,0,2022-05-25 00:03:04.842444
37065000,0.0003,0,2022-05-25 00:03:04.842444
37083000,0.2633,1,2022-05-25 00:03:04.842444
37091000,0.5171,1,2022-05-25 00:03:04.842444
37093000,0.0712,1,2022-05-25 00:03:04.842444
37098000,0.0834,1,2022-05-25 00:03:04.842444
37099000,0.3631,1,2022-05-25 00:03:04.842444
37082000,0.0116,0,2022-05-25 00:03:05.900909
37072000,0.0003,0,2022-05-25 00:03:05.900909
37071000,0.057,0,2022-05-25 00:03:05.900909
37070000,0.4274,0,2022-05-25 00:03:05.900909
37065000,0.0003,0,2022-05-25 00:03:05.900909
37091000,0.5171,1,2022-05-25 00:03:05.900909
37093000,0.0712,1,2022-05-25 00:03:05.900909
37098000,0.0834,1,2022-05-25 00:03:05.900909
37099000,0.3631,1,2022-05-25 00:03:05.900909
37100000,1.0519,1,2022-05-25 00:03:05.900909
37091000,0.0233,0,2022-05-25 00:03:06.955754
37085000,0.9125,0,2022-05-25 00:03:06.955754
37084000,0.1322,0,2022-05-25 00:03:06.955754
37082000,0.36700000000000005,0,2022-05-25 00:03:06.955754
37081000,0.0569,0,2022-05-25 00:03:06.955754
37093000,0.0323,1,2022-05-25 00:03:06.955754
37100000,1.0519,1,2022-05-25 00:03:06.955754
37101000,0.0301,1,2022-05-25 00:03:06.955754
37102000,0.03570946,1,2022-05-25 00:03:06.955754
37105000,0.02,1,2022-05-25 00:03:06.955754
37093000,0.2644,0,2022-05-25 00:03:08.006979
37091000,0.0233,0,2022-05-25 00:03:08.006979
37090000,0.2629,0,2022-05-25 00:03:08.006979
37085000,0.9125,0,2022-05-25 00:03:08.006979
37084000,0.2435,0,2022-05-25 00:03:08.006979
37100000,1.0,1,2022-05-25 00:03:08.006979
37101000,0.0301,1,2022-05-25 00:03:08.006979
37105000,0.02,1,2022-05-25 00:03:08.006979
37106000,0.0541,1,2022-05-25 00:03:08.006979
37107000,0.5218,1,2022-05-25 00:03:08.006979
37093000,0.2644,0,2022-05-25 00:03:09.059850
37091000,0.0233,0,2022-05-25 00:03:09.059850
37090000,0.2629,0,2022-05-25 00:03:09.059850
37085000,0.7803,0,2022-05-25 00:03:09.059850
37084000,0.1322,0,2022-05-25 00:03:09.059850
37098000,0.0508,1,2022-05-25 00:03:09.059850
37099000,0.0549,1,2022-05-25 00:03:09.059850
37100000,0.985,1,2022-05-25 00:03:09.059850
37101000,0.1135,1,2022-05-25 00:03:09.059850
37105000,0.02,1,2022-05-25 00:03:09.059850
37090000,0.2629,0,2022-05-25 00:03:10.118766
37078000,0.5386,0,2022-05-25 00:03:10.118766
37075000,0.0562,0,2022-05-25 00:03:10.118766
37072000,0.0003,0,2022-05-25 00:03:10.118766
37070000,0.3738,0,2022-05-25 00:03:10.118766
37091000,0.0239,1,2022-05-25 00:03:10.118766
37093000,0.1325,1,2022-05-25 00:03:10.118766
37098000,0.4354,1,2022-05-25 00:03:10.118766
37099000,0.0549,1,2022-05-25 00:03:10.118766
37100000,0.985,1,2022-05-25 00:03:10.118766
37090000,0.2629,0,2022-05-25 00:03:11.191196
37075000,0.0537,0,2022-05-25 00:03:11.191196
37072000,0.0003,0,2022-05-25 00:03:11.191196
37070000,0.3738,0,2022-05-25 00:03:11.191196
37065000,0.0003,0,2022-05-25 00:03:11.191196
37091000,0.8388,1,2022-05-25 00:03:11.191196
37093000,0.1325,1,2022-05-25 00:03:11.191196
37098000,0.4354,1,2022-05-25 00:03:11.191196
37099000,0.0549,1,2022-05-25 00:03:11.191196
37100000,0.985,1,2022-05-25 00:03:11.191196
37079000,0.024,0,2022-05-25 00:03:12.242804
37075000,0.0537,0,2022-05-25 00:03:12.242804
37072000,0.0842,0,2022-05-25 00:03:12.242804
37070000,0.3738,0,2022-05-25 00:03:12.242804
37065000,0.0003,0,2022-05-25 00:03:12.242804
37088000,0.0015,1,2022-05-25 00:03:12.242804
37091000,0.3945,1,2022-05-25 00:03:12.242804
37092000,0.1322,1,2022-05-25 00:03:12.242804
37098000,0.4354,1,2022-05-25 00:03:12.242804
37099000,0.0549,1,2022-05-25 00:03:12.242804
37076000,0.0247,0,2022-05-25 00:03:13.299959
37073000,0.0555,0,2022-05-25 00:03:13.299959
37072000,0.0842,0,2022-05-25 00:03:13.299959
37070000,0.3739,0,2022-05-25 00:03:13.299959
37065000,0.0003,0,2022-05-25 00:03:13.299959
37088000,0.134,1,2022-05-25 00:03:13.299959
37089000,0.2104,1,2022-05-25 00:03:13.299959
37091000,0.3945,1,2022-05-25 00:03:13.299959
37092000,0.1322,1,2022-05-25 00:03:13.299959
37096000,0.0581,1,2022-05-25 00:03:13.299959
37072000,0.0003,0,2022-05-25 00:03:14.660805
37070000,0.0555,0,2022-05-25 00:03:14.660805
37065000,0.0003,0,2022-05-25 00:03:14.660805
37061000,0.0544,0,2022-05-25 00:03:14.660805
37060000,0.47700000000000004,0,2022-05-25 00:03:14.660805
37074000,0.1088,1,2022-05-25 00:03:14.660805
37086000,0.626,1,2022-05-25 00:03:14.660805
37087000,0.1337,1,2022-05-25 00:03:14.660805
37088000,0.0618,1,2022-05-25 00:03:14.660805
37089000,0.1322,1,2022-05-25 00:03:14.660805
37072000,0.0003,0,2022-05-25 00:03:15.715511
37070000,0.0555,0,2022-05-25 00:03:15.715511
37065000,0.0003,0,2022-05-25 00:03:15.715511
37061000,0.0544,0,2022-05-25 00:03:15.715511
37060000,0.47700000000000004,0,2022-05-25 00:03:15.715511
37074000,0.1088,1,2022-05-25 00:03:15.715511
37086000,0.626,1,2022-05-25 00:03:15.715511
37087000,0.1337,1,2022-05-25 00:03:15.715511
37088000,0.0618,1,2022-05-25 00:03:15.715511
37089000,0.1322,1,2022-05-25 00:03:15.715511
37065000,0.0003,0,2022-05-25 00:03:16.766136
37061000,0.0544,0,2022-05-25 00:03:16.766136
37060000,0.0706,0,2022-05-25 00:03:16.766136
37059000,0.0492,0,2022-05-25 00:03:16.766136
37056000,0.5886,0,2022-05-25 00:03:16.766136
37070000,0.2786,1,2022-05-25 00:03:16.766136
37074000,0.2376,1,2022-05-25 00:03:16.766136
37075000,0.0546,1,2022-05-25 00:03:16.766136
37076000,0.3984,1,2022-05-25 00:03:16.766136
37077000,0.0574,1,2022-05-25 00:03:16.766136
37065000,0.0003,0,2022-05-25 00:03:17.823926
37061000,0.0544,0,2022-05-25 00:03:17.823926
37060000,0.0706,0,2022-05-25 00:03:17.823926
37059000,0.0492,0,2022-05-25 00:03:17.823926
37056000,0.5886,0,2022-05-25 00:03:17.823926
37070000,0.2786,1,2022-05-25 00:03:17.823926
37074000,0.2376,1,2022-05-25 00:03:17.823926
37075000,0.0546,1,2022-05-25 00:03:17.823926
37076000,0.3984,1,2022-05-25 00:03:17.823926
37077000,0.0574,1,2022-05-25 00:03:17.823926
37059000,0.0573,0,2022-05-25 00:03:18.876025
37058000,0.0503,0,2022-05-25 00:03:18.876025
37056000,0.5309,0,2022-05-25 00:03:18.876025
37055000,0.3996,0,2022-05-25 00:03:18.876025
37051000,0.0569,0,2022-05-25 00:03:18.876025
37070000,0.1584,1,2022-05-25 00:03:18.876025
37072000,0.0546,1,2022-05-25 00:03:18.876025
37074000,0.0253,1,2022-05-25 00:03:18.876025
37076000,0.3984,1,2022-05-25 00:03:18.876025
37078000,0.0512,1,2022-05-25 00:03:18.876025
37058000,0.0503,0,2022-05-25 00:03:19.926333
37056000,0.5309,0,2022-05-25 00:03:19.926333
37055000,0.3996,0,2022-05-25 00:03:19.926333
37051000,0.0569,0,2022-05-25 00:03:19.926333
37050000,0.0492,0,2022-05-25 00:03:19.926333
37070000,0.08900000000000001,1,2022-05-25 00:03:19.926333
37072000,0.0546,1,2022-05-25 00:03:19.926333
37074000,0.0253,1,2022-05-25 00:03:19.926333
37076000,0.3984,1,2022-05-25 00:03:19.926333
37077000,0.03,1,2022-05-25 00:03:19.926333
37059000,0.0306,0,2022-05-25 00:03:20.976300
37058000,0.1071,0,2022-05-25 00:03:20.976300
37056000,0.5309,0,2022-05-25 00:03:20.976300
37055000,0.3996,0,2022-05-25 00:03:20.976300
37051000,0.0569,0,2022-05-25 00:03:20.976300
37070000,0.08900000000000001,1,2022-05-25 00:03:20.976300
37072000,0.0546,1,2022-05-25 00:03:20.976300
37074000,0.0253,1,2022-05-25 00:03:20.976300
37075000,0.0323,1,2022-05-25 00:03:20.976300
37076000,0.3984,1,2022-05-25 00:03:20.976300
37059000,0.0306,0,2022-05-25 00:03:22.028715
37058000,0.1071,0,2022-05-25 00:03:22.028715
37056000,0.5309,0,2022-05-25 00:03:22.028715
37055000,0.3996,0,2022-05-25 00:03:22.028715
37051000,0.0569,0,2022-05-25 00:03:22.028715
37070000,0.08900000000000001,1,2022-05-25 00:03:22.028715
37072000,0.0546,1,2022-05-25 00:03:22.028715
37074000,0.0253,1,2022-05-25 00:03:22.028715
37075000,0.0323,1,2022-05-25 00:03:22.028715
37076000,0.3984,1,2022-05-25 00:03:22.028715
37056000,0.5309,0,2022-05-25 00:03:23.090049
37052000,0.0003,0,2022-05-25 00:03:23.090049
37047000,0.0476,0,2022-05-25 00:03:23.090049
37045000,0.005,0,2022-05-25 00:03:23.090049
37039000,0.0539,0,2022-05-25 00:03:23.090049
37057000,1.296,1,2022-05-25 00:03:23.090049
37058000,0.225,1,2022-05-25 00:03:23.090049
37068000,0.5984,1,2022-05-25 00:03:23.090049
37069000,0.0254,1,2022-05-25 00:03:23.090049
37070000,0.1369,1,2022-05-25 00:03:23.090049
37056000,0.5309,0,2022-05-25 00:03:24.140331
37052000,0.0003,0,2022-05-25 00:03:24.140331
37047000,0.0476,0,2022-05-25 00:03:24.140331
37045000,0.005,0,2022-05-25 00:03:24.140331
37039000,0.0539,0,2022-05-25 00:03:24.140331
37057000,1.296,1,2022-05-25 00:03:24.140331
37058000,0.225,1,2022-05-25 00:03:24.140331
37068000,0.5984,1,2022-05-25 00:03:24.140331
37069000,0.0254,1,2022-05-25 00:03:24.140331
37070000,0.1369,1,2022-05-25 00:03:24.140331
36939000,0.2184,0,2022-05-25 00:03:25.187030
36937000,0.4272,0,2022-05-25 00:03:25.187030
36934000,0.5909,0,2022-05-25 00:03:25.187030
36933000,0.1485,0,2022-05-25 00:03:25.187030
36925000,0.039,0,2022-05-25 00:03:25.187030
36956000,0.03,1,2022-05-25 00:03:25.187030
36957000,0.5499,1,2022-05-25 00:03:25.187030
36958000,0.0003,1,2022-05-25 00:03:25.187030
36959000,0.0003,1,2022-05-25 00:03:25.187030
36963000,0.057999999999999996,1,2022-05-25 00:03:25.187030
37054000,0.0037,0,2022-05-25 00:03:26.236065
37052000,0.0003,0,2022-05-25 00:03:26.236065
37046000,0.0508,0,2022-05-25 00:03:26.236065
37045000,0.0365,0,2022-05-25 00:03:26.236065
37044000,0.0717,0,2022-05-25 00:03:26.236065
37055000,0.016,1,2022-05-25 00:03:26.236065
37056000,0.3998,1,2022-05-25 00:03:26.236065
37057000,0.1322,1,2022-05-25 00:03:26.236065
37058000,0.1322,1,2022-05-25 00:03:26.236065
37062000,0.0308,1,2022-05-25 00:03:26.236065
37052000,0.0003,0,2022-05-25 00:03:27.287144
37045000,0.0365,0,2022-05-25 00:03:27.287144
37043000,0.0513,0,2022-05-25 00:03:27.287144
37041000,0.0989,0,2022-05-25 00:03:27.287144
37040000,0.0513,0,2022-05-25 00:03:27.287144
37055000,0.016,1,2022-05-25 00:03:27.287144
37056000,0.3998,1,2022-05-25 00:03:27.287144
37057000,0.1322,1,2022-05-25 00:03:27.287144
37058000,0.1322,1,2022-05-25 00:03:27.287144
37062000,0.0308,1,2022-05-25 00:03:27.287144
37052000,0.0003,0,2022-05-25 00:03:28.331738
37051000,0.025,0,2022-05-25 00:03:28.331738
37047000,0.0703,0,2022-05-25 00:03:28.331738
37046000,0.0523,0,2022-05-25 00:03:28.331738
37045000,0.0365,0,2022-05-25 00:03:28.331738
37055000,0.539,1,2022-05-25 00:03:28.331738
37060000,0.057999999999999996,1,2022-05-25 00:03:28.331738
37062000,0.0807,1,2022-05-25 00:03:28.331738
37068000,0.4411,1,2022-05-25 00:03:28.331738
37074000,0.0253,1,2022-05-25 00:03:28.331738
36939000,0.2184,0,2022-05-25 00:03:29.395555
36937000,0.4272,0,2022-05-25 00:03:29.395555
36934000,0.5909,0,2022-05-25 00:03:29.395555
36933000,0.1485,0,2022-05-25 00:03:29.395555
36925000,0.039,0,2022-05-25 00:03:29.395555
36956000,0.03,1,2022-05-25 00:03:29.395555
36957000,0.5499,1,2022-05-25 00:03:29.395555
36958000,0.0003,1,2022-05-25 00:03:29.395555
36959000,0.0003,1,2022-05-25 00:03:29.395555
36963000,0.057999999999999996,1,2022-05-25 00:03:29.395555
37064000,0.0825,0,2022-05-25 00:03:30.443032
37057000,0.263,0,2022-05-25 00:03:30.443032
37056000,0.1322,0,2022-05-25 00:03:30.443032
37055000,0.539,0,2022-05-25 00:03:30.443032
37054000,0.1847,0,2022-05-25 00:03:30.443032
37072000,0.10400000000000001,1,2022-05-25 00:03:30.443032
37074000,0.0253,1,2022-05-25 00:03:30.443032
37075000,0.0323,1,2022-05-25 00:03:30.443032
37076000,0.3984,1,2022-05-25 00:03:30.443032
37077000,0.03,1,2022-05-25 00:03:30.443032
37057000,0.1305,0,2022-05-25 00:03:31.491190
37056000,0.1322,0,2022-05-25 00:03:31.491190
37054000,0.0527,0,2022-05-25 00:03:31.491190
37052000,0.0482,0,2022-05-25 00:03:31.491190
37051000,0.025,0,2022-05-25 00:03:31.491190
37062000,0.0308,1,2022-05-25 00:03:31.491190
37066000,0.0517,1,2022-05-25 00:03:31.491190
37068000,0.3648,1,2022-05-25 00:03:31.491190
37069000,0.0307,1,2022-05-25 00:03:31.491190
37072000,0.10400000000000001,1,2022-05-25 00:03:31.491190
37074000,0.2644,0,2022-05-25 00:03:32.545252
37073000,0.20800000000000002,0,2022-05-25 00:03:32.545252
37066000,0.1978,0,2022-05-25 00:03:32.545252
37065000,0.457,0,2022-05-25 00:03:32.545252
37064000,0.2929,0,2022-05-25 00:03:32.545252
37086000,0.441,1,2022-05-25 00:03:32.545252
37088000,0.0618,1,2022-05-25 00:03:32.545252
37089000,0.0503,1,2022-05-25 00:03:32.545252
37090000,0.0579,1,2022-05-25 00:03:32.545252
37091000,0.0311,1,2022-05-25 00:03:32.545252
37078000,0.2259,0,2022-05-25 00:03:33.609102
37076000,0.0527,0,2022-05-25 00:03:33.609102
37075000,0.0847,0,2022-05-25 00:03:33.609102
37074000,0.1322,0,2022-05-25 00:03:33.609102
37073000,0.10400000000000001,0,2022-05-25 00:03:33.609102
37089000,0.0503,1,2022-05-25 00:03:33.609102
37091000,0.0311,1,2022-05-25 00:03:33.609102
37092000,0.0561,1,2022-05-25 00:03:33.609102
37093000,0.3684,1,2022-05-25 00:03:33.609102
37095000,0.054000000000000006,1,2022-05-25 00:03:33.609102
37078000,0.2259,0,2022-05-25 00:03:34.656862
37076000,0.0527,0,2022-05-25 00:03:34.656862
37075000,0.0847,0,2022-05-25 00:03:34.656862
37074000,0.1322,0,2022-05-25 00:03:34.656862
37073000,0.10400000000000001,0,2022-05-25 00:03:34.656862
37089000,0.0503,1,2022-05-25 00:03:34.656862
37091000,0.0311,1,2022-05-25 00:03:34.656862
37092000,0.0561,1,2022-05-25 00:03:34.656862
37093000,0.3684,1,2022-05-25 00:03:34.656862
37095000,0.054000000000000006,1,2022-05-25 00:03:34.656862
37066000,0.0731,0,2022-05-25 00:03:35.710649
37065000,0.46,0,2022-05-25 00:03:35.710649
37059000,0.0717,0,2022-05-25 00:03:35.710649
37056000,0.3952,0,2022-05-25 00:03:35.710649
37055000,0.0011,0,2022-05-25 00:03:35.710649
37076000,0.1322,1,2022-05-25 00:03:35.710649
37077000,0.1322,1,2022-05-25 00:03:35.710649
37078000,0.066,1,2022-05-25 00:03:35.710649
37084000,0.4782,1,2022-05-25 00:03:35.710649
37087000,0.0543,1,2022-05-25 00:03:35.710649
37064000,0.539,0,2022-05-25 00:03:36.764226
37059000,0.0717,0,2022-05-25 00:03:36.764226
37056000,0.3952,0,2022-05-25 00:03:36.764226
37055000,0.0011,0,2022-05-25 00:03:36.764226
37054000,0.0001,0,2022-05-25 00:03:36.764226
37075000,0.2547,1,2022-05-25 00:03:36.764226
37076000,0.1849,1,2022-05-25 00:03:36.764226
37077000,0.1322,1,2022-05-25 00:03:36.764226
37078000,0.066,1,2022-05-25 00:03:36.764226
37081000,0.0817,1,2022-05-25 00:03:36.764226
37059000,0.0717,0,2022-05-25 00:03:37.817846
37056000,0.3952,0,2022-05-25 00:03:37.817846
37055000,0.0011,0,2022-05-25 00:03:37.817846
37054000,0.0001,0,2022-05-25 00:03:37.817846
37052000,0.0003,0,2022-05-25 00:03:37.817846
37075000,0.2502,1,2022-05-25 00:03:37.817846
37076000,0.1849,1,2022-05-25 00:03:37.817846
37077000,0.1322,1,2022-05-25 00:03:37.817846
37078000,0.1167,1,2022-05-25 00:03:37.817846
37081000,0.0817,1,2022-05-25 00:03:37.817846
37059000,0.0717,0,2022-05-25 00:03:38.876162
37056000,0.3952,0,2022-05-25 00:03:38.876162
37055000,0.0011,0,2022-05-25 00:03:38.876162
37054000,0.0001,0,2022-05-25 00:03:38.876162
37052000,0.0003,0,2022-05-25 00:03:38.876162
37075000,0.2502,1,2022-05-25 00:03:38.876162
37076000,0.1849,1,2022-05-25 00:03:38.876162
37077000,0.1322,1,2022-05-25 00:03:38.876162
37078000,0.1167,1,2022-05-25 00:03:38.876162
37081000,0.0817,1,2022-05-25 00:03:38.876162
37061000,0.0808,0,2022-05-25 00:03:39.924572
37059000,0.0494,0,2022-05-25 00:03:39.924572
37057000,0.0559,0,2022-05-25 00:03:39.924572
37056000,0.494,0,2022-05-25 00:03:39.924572
37055000,0.0049,0,2022-05-25 00:03:39.924572
37076000,0.0527,1,2022-05-25 00:03:39.924572
37077000,0.1322,1,2022-05-25 00:03:39.924572
37081000,0.0373,1,2022-05-25 00:03:39.924572
37083000,0.0747,1,2022-05-25 00:03:39.924572
37084000,0.4243,1,2022-05-25 00:03:39.924572
37061000,0.129,0,2022-05-25 00:03:40.968038
37059000,0.0494,0,2022-05-25 00:03:40.968038
37057000,0.0559,0,2022-05-25 00:03:40.968038
37056000,0.494,0,2022-05-25 00:03:40.968038
37055000,0.0049,0,2022-05-25 00:03:40.968038
37076000,0.0444,1,2022-05-25 00:03:40.968038
37077000,0.1322,1,2022-05-25 00:03:40.968038
37081000,0.0373,1,2022-05-25 00:03:40.968038
37083000,0.0747,1,2022-05-25 00:03:40.968038
37084000,0.4243,1,2022-05-25 00:03:40.968038
37061000,0.0482,0,2022-05-25 00:03:42.046725
37059000,0.0494,0,2022-05-25 00:03:42.046725
37057000,0.0559,0,2022-05-25 00:03:42.046725
37056000,0.494,0,2022-05-25 00:03:42.046725
37055000,0.0049,0,2022-05-25 00:03:42.046725
37075000,0.0552,1,2022-05-25 00:03:42.046725
37076000,0.0444,1,2022-05-25 00:03:42.046725
37077000,0.1322,1,2022-05-25 00:03:42.046725
37081000,0.0373,1,2022-05-25 00:03:42.046725
37082000,0.1355,1,2022-05-25 00:03:42.046725
37061000,0.0482,0,2022-05-25 00:03:43.113803
37059000,0.0494,0,2022-05-25 00:03:43.113803
37057000,0.0559,0,2022-05-25 00:03:43.113803
37056000,0.494,0,2022-05-25 00:03:43.113803
37055000,0.0049,0,2022-05-25 00:03:43.113803
37075000,0.0233,1,2022-05-25 00:03:43.113803
37076000,0.0444,1,2022-05-25 00:03:43.113803
37077000,0.1322,1,2022-05-25 00:03:43.113803
37081000,0.0373,1,2022-05-25 00:03:43.113803
37083000,0.6743,1,2022-05-25 00:03:43.113803
37061000,0.0482,0,2022-05-25 00:03:44.164599
37059000,0.0494,0,2022-05-25 00:03:44.164599
37057000,0.0559,0,2022-05-25 00:03:44.164599
37056000,0.494,0,2022-05-25 00:03:44.164599
37055000,0.0049,0,2022-05-25 00:03:44.164599
37075000,0.0233,1,2022-05-25 00:03:44.164599
37076000,0.0444,1,2022-05-25 00:03:44.164599
37077000,0.1322,1,2022-05-25 00:03:44.164599
37081000,0.0373,1,2022-05-25 00:03:44.164599
37083000,0.8093,1,2022-05-25 00:03:44.164599
37061000,0.0084,0,2022-05-25 00:03:45.213754
37059000,0.0494,0,2022-05-25 00:03:45.213754
37057000,0.0559,0,2022-05-25 00:03:45.213754
37056000,0.494,0,2022-05-25 00:03:45.213754
37055000,0.0049,0,2022-05-25 00:03:45.213754
37075000,0.0505,1,2022-05-25 00:03:45.213754
37076000,0.0444,1,2022-05-25 00:03:45.213754
37077000,0.1322,1,2022-05-25 00:03:45.213754
37081000,0.0373,1,2022-05-25 00:03:45.213754
37083000,0.6743,1,2022-05-25 00:03:45.213754
37059000,0.0494,0,2022-05-25 00:03:46.260009
37057000,0.0559,0,2022-05-25 00:03:46.260009
37056000,0.494,0,2022-05-25 00:03:46.260009
37055000,0.0049,0,2022-05-25 00:03:46.260009
37054000,0.0001,0,2022-05-25 00:03:46.260009
37075000,0.0505,1,2022-05-25 00:03:46.260009
37076000,0.0444,1,2022-05-25 00:03:46.260009
37077000,0.1322,1,2022-05-25 00:03:46.260009
37081000,0.0373,1,2022-05-25 00:03:46.260009
37083000,0.6743,1,2022-05-25 00:03:46.260009
37061000,0.1256,0,2022-05-25 00:03:47.315781
37056000,0.0988,0,2022-05-25 00:03:47.315781
37055000,0.0049,0,2022-05-25 00:03:47.315781
37054000,0.0001,0,2022-05-25 00:03:47.315781
37052000,0.0003,0,2022-05-25 00:03:47.315781
37073000,0.0546,1,2022-05-25 00:03:47.315781
37075000,0.1309,1,2022-05-25 00:03:47.315781
37076000,0.4259,1,2022-05-25 00:03:47.315781
37077000,0.1844,1,2022-05-25 00:03:47.315781
37080000,0.1348,1,2022-05-25 00:03:47.315781
37061000,0.1256,0,2022-05-25 00:03:48.386071
37056000,0.0988,0,2022-05-25 00:03:48.386071
37055000,0.0049,0,2022-05-25 00:03:48.386071
37054000,0.0001,0,2022-05-25 00:03:48.386071
37052000,0.0003,0,2022-05-25 00:03:48.386071
37073000,0.0546,1,2022-05-25 00:03:48.386071
37075000,0.1309,1,2022-05-25 00:03:48.386071
37076000,0.4259,1,2022-05-25 00:03:48.386071
37077000,0.1844,1,2022-05-25 00:03:48.386071
37081000,0.0373,1,2022-05-25 00:03:48.386071
37061000,0.1256,0,2022-05-25 00:03:49.432714
37056000,0.0988,0,2022-05-25 00:03:49.432714
37055000,0.0049,0,2022-05-25 00:03:49.432714
37054000,0.0001,0,2022-05-25 00:03:49.432714
37052000,0.09300000000000001,0,2022-05-25 00:03:49.432714
37073000,0.0441,1,2022-05-25 00:03:49.432714
37075000,0.0505,1,2022-05-25 00:03:49.432714
37076000,0.4259,1,2022-05-25 00:03:49.432714
37077000,0.1844,1,2022-05-25 00:03:49.432714
37081000,0.0373,1,2022-05-25 00:03:49.432714
37056000,0.0791,0,2022-05-25 00:03:50.480574
37055000,0.0049,0,2022-05-25 00:03:50.480574
37054000,0.0001,0,2022-05-25 00:03:50.480574
37052000,0.0003,0,2022-05-25 00:03:50.480574
37051000,0.079,0,2022-05-25 00:03:50.480574
37073000,0.0441,1,2022-05-25 00:03:50.480574
37075000,0.0505,1,2022-05-25 00:03:50.480574
37076000,0.4259,1,2022-05-25 00:03:50.480574
37077000,0.1844,1,2022-05-25 00:03:50.480574
37081000,0.0373,1,2022-05-25 00:03:50.480574
37056000,0.0791,0,2022-05-25 00:03:51.537972
37055000,0.0049,0,2022-05-25 00:03:51.537972
37054000,0.0001,0,2022-05-25 00:03:51.537972
37052000,0.0003,0,2022-05-25 00:03:51.537972
37051000,0.079,0,2022-05-25 00:03:51.537972
37073000,0.0441,1,2022-05-25 00:03:51.537972
37075000,0.0505,1,2022-05-25 00:03:51.537972
37076000,0.4259,1,2022-05-25 00:03:51.537972
37077000,0.1844,1,2022-05-25 00:03:51.537972
37081000,0.0373,1,2022-05-25 00:03:51.537972
37075000,0.1435,0,2022-05-25 00:03:52.593685
37058000,0.1162,0,2022-05-25 00:03:52.593685
37056000,0.4447,0,2022-05-25 00:03:52.593685
37055000,0.0049,0,2022-05-25 00:03:52.593685
37054000,0.0001,0,2022-05-25 00:03:52.593685
37076000,0.3262,1,2022-05-25 00:03:52.593685
37077000,0.215,1,2022-05-25 00:03:52.593685
37081000,0.0373,1,2022-05-25 00:03:52.593685
37084000,0.4243,1,2022-05-25 00:03:52.593685
37085000,0.1047,1,2022-05-25 00:03:52.593685
37067000,0.0269,0,2022-05-25 00:03:53.641449
37058000,0.2213,0,2022-05-25 00:03:53.641449
37056000,0.4447,0,2022-05-25 00:03:53.641449
37055000,0.0049,0,2022-05-25 00:03:53.641449
37054000,0.0001,0,2022-05-25 00:03:53.641449
37074000,0.1177,1,2022-05-25 00:03:53.641449
37075000,0.2104,1,2022-05-25 00:03:53.641449
37077000,0.1628,1,2022-05-25 00:03:53.641449
37081000,0.0373,1,2022-05-25 00:03:53.641449
37084000,0.4243,1,2022-05-25 00:03:53.641449
37058000,0.1367,0,2022-05-25 00:03:54.701431
37056000,0.4447,0,2022-05-25 00:03:54.701431
37055000,0.0049,0,2022-05-25 00:03:54.701431
37054000,0.0001,0,2022-05-25 00:03:54.701431
37052000,0.0003,0,2022-05-25 00:03:54.701431
37074000,0.0895,1,2022-05-25 00:03:54.701431
