price,quantity,type,timestamp
37990000,0.5792,0,2022-05-26 00:00:00.652637
37988000,0.1115,0,2022-05-26 00:00:00.652637
37986000,0.3892,0,2022-05-26 00:00:00.652637
37984000,0.0538,0,2022-05-26 00:00:00.652637
37983000,0.6,0,2022-05-26 00:00:00.652637
38013000,0.38629104,1,2022-05-26 00:00:00.652637
38015000,0.2436,1,2022-05-26 00:00:00.652637
38017000,0.0534,1,2022-05-26 00:00:00.652637
38019000,0.0787,1,2022-05-26 00:00:00.652637
38020000,0.1459,1,2022-05-26 00:00:00.652637
37990000,0.0535,0,2022-05-26 00:00:01.712645
37988000,0.1115,0,2022-05-26 00:00:01.712645
37987000,0.6,0,2022-05-26 00:00:01.712645
37986000,0.3892,0,2022-05-26 00:00:01.712645
37984000,0.0538,0,2022-05-26 00:00:01.712645
38013000,0.38629104,1,2022-05-26 00:00:01.712645
38015000,0.2436,1,2022-05-26 00:00:01.712645
38017000,0.0534,1,2022-05-26 00:00:01.712645
38019000,0.0787,1,2022-05-26 00:00:01.712645
38021000,0.0323,1,2022-05-26 00:00:01.712645
37990000,0.0535,0,2022-05-26 00:00:02.765474
37989000,0.6,0,2022-05-26 00:00:02.765474
37988000,0.1115,0,2022-05-26 00:00:02.765474
37987000,0.5257,0,2022-05-26 00:00:02.765474
37986000,0.3892,0,2022-05-26 00:00:02.765474
38013000,0.38629104,1,2022-05-26 00:00:02.765474
38015000,0.2436,1,2022-05-26 00:00:02.765474
38017000,0.0534,1,2022-05-26 00:00:02.765474
38019000,0.0787,1,2022-05-26 00:00:02.765474
38020000,0.1459,1,2022-05-26 00:00:02.765474
37992000,0.1031,0,2022-05-26 00:00:03.812307
37990000,0.0535,0,2022-05-26 00:00:03.812307
37989000,0.6,0,2022-05-26 00:00:03.812307
37988000,0.1115,0,2022-05-26 00:00:03.812307
37987000,0.5257,0,2022-05-26 00:00:03.812307
38013000,0.37589104,1,2022-05-26 00:00:03.812307
38015000,0.2436,1,2022-05-26 00:00:03.812307
38017000,0.0534,1,2022-05-26 00:00:03.812307
38020000,0.1459,1,2022-05-26 00:00:03.812307
38021000,0.0323,1,2022-05-26 00:00:03.812307
37992000,0.1031,0,2022-05-26 00:00:04.861054
37990000,0.0535,0,2022-05-26 00:00:04.861054
37989000,0.6,0,2022-05-26 00:00:04.861054
37988000,0.1115,0,2022-05-26 00:00:04.861054
37986000,0.3892,0,2022-05-26 00:00:04.861054
38013000,0.37589104,1,2022-05-26 00:00:04.861054
38015000,0.2436,1,2022-05-26 00:00:04.861054
38017000,0.0534,1,2022-05-26 00:00:04.861054
38021000,0.0323,1,2022-05-26 00:00:04.861054
38023000,0.0513,1,2022-05-26 00:00:04.861054
37993000,0.6,0,2022-05-26 00:00:05.929364
37992000,0.1031,0,2022-05-26 00:00:05.929364
37990000,0.0535,0,2022-05-26 00:00:05.929364
37988000,0.1115,0,2022-05-26 00:00:05.929364
37987000,0.5257,0,2022-05-26 00:00:05.929364
38013000,0.35749104,1,2022-05-26 00:00:05.929364
38014000,0.0756,1,2022-05-26 00:00:05.929364
38015000,0.2436,1,2022-05-26 00:00:05.929364
38017000,0.0534,1,2022-05-26 00:00:05.929364
38021000,0.0323,1,2022-05-26 00:00:05.929364
37993000,0.6,0,2022-05-26 00:00:06.977246
37992000,0.1031,0,2022-05-26 00:00:06.977246
37990000,0.0535,0,2022-05-26 00:00:06.977246
37988000,0.1115,0,2022-05-26 00:00:06.977246
37987000,0.5257,0,2022-05-26 00:00:06.977246
38013000,0.35749104,1,2022-05-26 00:00:06.977246
38014000,0.0756,1,2022-05-26 00:00:06.977246
38015000,0.2436,1,2022-05-26 00:00:06.977246
38017000,0.0534,1,2022-05-26 00:00:06.977246
38021000,0.0323,1,2022-05-26 00:00:06.977246
37992000,0.1031,0,2022-05-26 00:00:08.034586
37990000,0.0535,0,2022-05-26 00:00:08.034586
37988000,0.1115,0,2022-05-26 00:00:08.034586
37987000,0.6,0,2022-05-26 00:00:08.034586
37986000,0.3892,0,2022-05-26 00:00:08.034586
38013000,0.32149104,1,2022-05-26 00:00:08.034586
38014000,0.0756,1,2022-05-26 00:00:08.034586
38015000,0.2436,1,2022-05-26 00:00:08.034586
38017000,0.0534,1,2022-05-26 00:00:08.034586
38021000,0.0323,1,2022-05-26 00:00:08.034586
37992000,0.1031,0,2022-05-26 00:00:09.090454
37990000,0.0535,0,2022-05-26 00:00:09.090454
37988000,0.1115,0,2022-05-26 00:00:09.090454
37987000,0.6,0,2022-05-26 00:00:09.090454
37986000,0.3892,0,2022-05-26 00:00:09.090454
38013000,0.32149104,1,2022-05-26 00:00:09.090454
38014000,0.0756,1,2022-05-26 00:00:09.090454
38015000,0.2436,1,2022-05-26 00:00:09.090454
38017000,0.0534,1,2022-05-26 00:00:09.090454
38021000,0.0323,1,2022-05-26 00:00:09.090454
37992000,0.03,0,2022-05-26 00:00:10.138681
37990000,0.0535,0,2022-05-26 00:00:10.138681
37988000,0.0316,0,2022-05-26 00:00:10.138681
37986000,0.3892,0,2022-05-26 00:00:10.138681
37984000,0.0538,0,2022-05-26 00:00:10.138681
38011000,0.0796,1,2022-05-26 00:00:10.138681
38013000,0.30869104,1,2022-05-26 00:00:10.138681
38014000,0.0756,1,2022-05-26 00:00:10.138681
38015000,0.2436,1,2022-05-26 00:00:10.138681
38017000,0.0534,1,2022-05-26 00:00:10.138681
37992000,0.03,0,2022-05-26 00:00:11.201688
37990000,0.0535,0,2022-05-26 00:00:11.201688
37988000,0.0316,0,2022-05-26 00:00:11.201688
37986000,0.3892,0,2022-05-26 00:00:11.201688
37984000,0.1033,0,2022-05-26 00:00:11.201688
38009000,0.0396,1,2022-05-26 00:00:11.201688
38015000,0.21809104,1,2022-05-26 00:00:11.201688
38016000,0.1444,1,2022-05-26 00:00:11.201688
38017000,0.0534,1,2022-05-26 00:00:11.201688
38021000,0.0323,1,2022-05-26 00:00:11.201688
37992000,0.03,0,2022-05-26 00:00:12.263824
37990000,0.0535,0,2022-05-26 00:00:12.263824
37988000,0.0316,0,2022-05-26 00:00:12.263824
37986000,0.3892,0,2022-05-26 00:00:12.263824
37984000,0.1033,0,2022-05-26 00:00:12.263824
38009000,0.0396,1,2022-05-26 00:00:12.263824
38015000,0.21809104,1,2022-05-26 00:00:12.263824
38016000,0.1444,1,2022-05-26 00:00:12.263824
38017000,0.0534,1,2022-05-26 00:00:12.263824
38021000,0.0323,1,2022-05-26 00:00:12.263824
37991000,0.1009,0,2022-05-26 00:00:13.321340
37987000,0.05,0,2022-05-26 00:00:13.321340
37986000,0.3892,0,2022-05-26 00:00:13.321340
37984000,0.0538,0,2022-05-26 00:00:13.321340
37979000,0.081,0,2022-05-26 00:00:13.321340
37996000,0.0615,1,2022-05-26 00:00:13.321340
38004000,0.0504,1,2022-05-26 00:00:13.321340
38006000,0.3507,1,2022-05-26 00:00:13.321340
38014000,0.0267,1,2022-05-26 00:00:13.321340
38017000,0.0534,1,2022-05-26 00:00:13.321340
37987000,0.0119,0,2022-05-26 00:00:14.372695
37986000,0.3892,0,2022-05-26 00:00:14.372695
37984000,0.0538,0,2022-05-26 00:00:14.372695
37979000,0.081,0,2022-05-26 00:00:14.372695
37978000,0.4578,0,2022-05-26 00:00:14.372695
37991000,0.0509,1,2022-05-26 00:00:14.372695
38012000,0.0532,1,2022-05-26 00:00:14.372695
38017000,0.0534,1,2022-05-26 00:00:14.372695
38021000,0.6323,1,2022-05-26 00:00:14.372695
38022000,0.1365,1,2022-05-26 00:00:14.372695
37987000,0.0119,0,2022-05-26 00:00:15.425031
37986000,0.3892,0,2022-05-26 00:00:15.425031
37984000,0.0538,0,2022-05-26 00:00:15.425031
37979000,0.081,0,2022-05-26 00:00:15.425031
37978000,0.4578,0,2022-05-26 00:00:15.425031
37991000,0.0509,1,2022-05-26 00:00:15.425031
38012000,0.0532,1,2022-05-26 00:00:15.425031
38017000,0.0534,1,2022-05-26 00:00:15.425031
38021000,0.6323,1,2022-05-26 00:00:15.425031
38022000,0.1365,1,2022-05-26 00:00:15.425031
37980000,0.0119,0,2022-05-26 00:00:16.479647
37979000,0.763,0,2022-05-26 00:00:16.479647
37978000,0.4578,0,2022-05-26 00:00:16.479647
37975000,0.1081,0,2022-05-26 00:00:16.479647
37973000,0.5258,0,2022-05-26 00:00:16.479647
37991000,0.0509,1,2022-05-26 00:00:16.479647
37997000,0.0307,1,2022-05-26 00:00:16.479647
37999000,0.0545,1,2022-05-26 00:00:16.479647
38001000,0.1023,1,2022-05-26 00:00:16.479647
38006000,0.4258,1,2022-05-26 00:00:16.479647
37993000,0.0816,0,2022-05-26 00:00:17.532333
37991000,0.0509,0,2022-05-26 00:00:17.532333
37985000,0.0113,0,2022-05-26 00:00:17.532333
37982000,0.1266,0,2022-05-26 00:00:17.532333
37979000,0.163,0,2022-05-26 00:00:17.532333
37997000,0.0307,1,2022-05-26 00:00:17.532333
38001000,0.1023,1,2022-05-26 00:00:17.532333
38006000,0.4258,1,2022-05-26 00:00:17.532333
38010000,0.1013,1,2022-05-26 00:00:17.532333
38012000,0.0532,1,2022-05-26 00:00:17.532333
37999000,0.3266,0,2022-05-26 00:00:18.585002
37993000,0.1641,0,2022-05-26 00:00:18.585002
37992000,0.0773,0,2022-05-26 00:00:18.585002
37991000,0.0509,0,2022-05-26 00:00:18.585002
37990000,0.0509,0,2022-05-26 00:00:18.585002
38005000,0.0307,1,2022-05-26 00:00:18.585002
38006000,0.4258,1,2022-05-26 00:00:18.585002
38010000,0.1013,1,2022-05-26 00:00:18.585002
38012000,0.0532,1,2022-05-26 00:00:18.585002
38017000,0.0534,1,2022-05-26 00:00:18.585002
38001000,0.0773,0,2022-05-26 00:00:19.798833
37999000,0.4533,0,2022-05-26 00:00:19.798833
37998000,0.0487,0,2022-05-26 00:00:19.798833
37996000,0.0517,0,2022-05-26 00:00:19.798833
37994000,0.6114,0,2022-05-26 00:00:19.798833
38005000,0.0307,1,2022-05-26 00:00:19.798833
38010000,0.0524,1,2022-05-26 00:00:19.798833
38012000,0.0532,1,2022-05-26 00:00:19.798833
38016000,0.4002,1,2022-05-26 00:00:19.798833
38017000,0.0534,1,2022-05-26 00:00:19.798833
38007000,0.1637,0,2022-05-26 00:00:20.857486
38001000,0.0773,0,2022-05-26 00:00:20.857486
38000000,0.0305,0,2022-05-26 00:00:20.857486
37999000,0.3186,0,2022-05-26 00:00:20.857486
37998000,0.0487,0,2022-05-26 00:00:20.857486
38016000,0.4002,1,2022-05-26 00:00:20.857486
38017000,0.0534,1,2022-05-26 00:00:20.857486
38021000,0.0323,1,2022-05-26 00:00:20.857486
38023000,0.0513,1,2022-05-26 00:00:20.857486
38026000,0.051,1,2022-05-26 00:00:20.857486
38001000,0.0773,0,2022-05-26 00:00:21.928682
38000000,0.0305,0,2022-05-26 00:00:21.928682
37999000,0.2644,0,2022-05-26 00:00:21.928682
37997000,0.0113,0,2022-05-26 00:00:21.928682
37996000,0.0517,0,2022-05-26 00:00:21.928682
38016000,0.4002,1,2022-05-26 00:00:21.928682
38017000,0.0534,1,2022-05-26 00:00:21.928682
38021000,0.0323,1,2022-05-26 00:00:21.928682
38023000,0.0513,1,2022-05-26 00:00:21.928682
38026000,0.051,1,2022-05-26 00:00:21.928682
38000000,0.0305,0,2022-05-26 00:00:22.978134
37999000,0.2644,0,2022-05-26 00:00:22.978134
37996000,0.0517,0,2022-05-26 00:00:22.978134
37992000,0.0773,0,2022-05-26 00:00:22.978134
37991000,0.4125,0,2022-05-26 00:00:22.978134
38007000,0.1322,1,2022-05-26 00:00:22.978134
38014000,0.0569,1,2022-05-26 00:00:22.978134
38016000,0.4002,1,2022-05-26 00:00:22.978134
38017000,0.0534,1,2022-05-26 00:00:22.978134
38018000,0.0533,1,2022-05-26 00:00:22.978134
38000000,0.0305,0,2022-05-26 00:00:24.025268
37999000,0.2644,0,2022-05-26 00:00:24.025268
37996000,0.0517,0,2022-05-26 00:00:24.025268
37993000,0.0114,0,2022-05-26 00:00:24.025268
37992000,0.0773,0,2022-05-26 00:00:24.025268
38007000,0.1322,1,2022-05-26 00:00:24.025268
38014000,0.0569,1,2022-05-26 00:00:24.025268
38016000,0.4002,1,2022-05-26 00:00:24.025268
38017000,0.0534,1,2022-05-26 00:00:24.025268
38018000,0.0533,1,2022-05-26 00:00:24.025268
38000000,0.0305,0,2022-05-26 00:00:25.103166
37999000,0.2644,0,2022-05-26 00:00:25.103166
37996000,0.0517,0,2022-05-26 00:00:25.103166
37992000,0.0773,0,2022-05-26 00:00:25.103166
37991000,0.4125,0,2022-05-26 00:00:25.103166
38014000,0.0569,1,2022-05-26 00:00:25.103166
38016000,0.4005,1,2022-05-26 00:00:25.103166
38017000,0.0534,1,2022-05-26 00:00:25.103166
38018000,0.0533,1,2022-05-26 00:00:25.103166
38021000,0.0323,1,2022-05-26 00:00:25.103166
38000000,0.0305,0,2022-05-26 00:00:26.151673
37999000,0.2644,0,2022-05-26 00:00:26.151673
37996000,0.0517,0,2022-05-26 00:00:26.151673
37992000,0.0773,0,2022-05-26 00:00:26.151673
37991000,0.4125,0,2022-05-26 00:00:26.151673
38014000,0.0569,1,2022-05-26 00:00:26.151673
38016000,0.4005,1,2022-05-26 00:00:26.151673
38017000,0.0534,1,2022-05-26 00:00:26.151673
38018000,0.0533,1,2022-05-26 00:00:26.151673
38021000,0.0323,1,2022-05-26 00:00:26.151673
38000000,0.0305,0,2022-05-26 00:00:27.205498
37999000,0.2644,0,2022-05-26 00:00:27.205498
37996000,0.0517,0,2022-05-26 00:00:27.205498
37993000,0.0112,0,2022-05-26 00:00:27.205498
37992000,0.0773,0,2022-05-26 00:00:27.205498
38014000,0.0569,1,2022-05-26 00:00:27.205498
38016000,0.4005,1,2022-05-26 00:00:27.205498
38017000,0.0534,1,2022-05-26 00:00:27.205498
38018000,0.0533,1,2022-05-26 00:00:27.205498
38021000,0.0323,1,2022-05-26 00:00:27.205498
38000000,0.0305,0,2022-05-26 00:00:28.253234
37999000,0.2644,0,2022-05-26 00:00:28.253234
37996000,0.0517,0,2022-05-26 00:00:28.253234
37993000,0.0112,0,2022-05-26 00:00:28.253234
37992000,0.0773,0,2022-05-26 00:00:28.253234
38014000,0.0569,1,2022-05-26 00:00:28.253234
38016000,0.4005,1,2022-05-26 00:00:28.253234
38017000,0.0534,1,2022-05-26 00:00:28.253234
38018000,0.0533,1,2022-05-26 00:00:28.253234
38021000,0.0323,1,2022-05-26 00:00:28.253234
38000000,0.0305,0,2022-05-26 00:00:29.301960
37999000,0.2644,0,2022-05-26 00:00:29.301960
37996000,0.0517,0,2022-05-26 00:00:29.301960
37992000,0.0773,0,2022-05-26 00:00:29.301960
37991000,0.4125,0,2022-05-26 00:00:29.301960
38014000,0.0569,1,2022-05-26 00:00:29.301960
38016000,0.4005,1,2022-05-26 00:00:29.301960
38017000,0.0534,1,2022-05-26 00:00:29.301960
38018000,0.0533,1,2022-05-26 00:00:29.301960
38021000,0.0323,1,2022-05-26 00:00:29.301960
38000000,0.0305,0,2022-05-26 00:00:30.350406
37996000,0.0517,0,2022-05-26 00:00:30.350406
37991000,0.4125,0,2022-05-26 00:00:30.350406
37988000,0.0559,0,2022-05-26 00:00:30.350406
37987000,0.0567,0,2022-05-26 00:00:30.350406
38012000,0.0846,1,2022-05-26 00:00:30.350406
38014000,0.0569,1,2022-05-26 00:00:30.350406
38016000,0.4005,1,2022-05-26 00:00:30.350406
38017000,0.0534,1,2022-05-26 00:00:30.350406
38018000,0.0533,1,2022-05-26 00:00:30.350406
37996000,0.0517,0,2022-05-26 00:00:31.407042
37991000,0.4125,0,2022-05-26 00:00:31.407042
37988000,0.0559,0,2022-05-26 00:00:31.407042
37987000,0.0679,0,2022-05-26 00:00:31.407042
37983000,0.1484,0,2022-05-26 00:00:31.407042
38012000,0.0846,1,2022-05-26 00:00:31.407042
38014000,0.0569,1,2022-05-26 00:00:31.407042
38016000,0.4005,1,2022-05-26 00:00:31.407042
38017000,0.0534,1,2022-05-26 00:00:31.407042
38018000,0.0533,1,2022-05-26 00:00:31.407042
38000000,0.0008,0,2022-05-26 00:00:32.468002
37992000,0.0304,0,2022-05-26 00:00:32.468002
37991000,0.4125,0,2022-05-26 00:00:32.468002
37988000,0.0559,0,2022-05-26 00:00:32.468002
37987000,0.0567,0,2022-05-26 00:00:32.468002
38012000,0.0846,1,2022-05-26 00:00:32.468002
38014000,0.0569,1,2022-05-26 00:00:32.468002
38016000,0.4005,1,2022-05-26 00:00:32.468002
38017000,0.1896,1,2022-05-26 00:00:32.468002
38018000,0.0533,1,2022-05-26 00:00:32.468002
38000000,0.0008,0,2022-05-26 00:00:33.515504
37992000,0.0304,0,2022-05-26 00:00:33.515504
37988000,0.0559,0,2022-05-26 00:00:33.515504
37987000,0.0567,0,2022-05-26 00:00:33.515504
37983000,0.1484,0,2022-05-26 00:00:33.515504
38010000,0.0499,1,2022-05-26 00:00:33.515504
38012000,0.0846,1,2022-05-26 00:00:33.515504
38014000,0.0569,1,2022-05-26 00:00:33.515504
38015000,0.1362,1,2022-05-26 00:00:33.515504
38016000,0.4005,1,2022-05-26 00:00:33.515504
38000000,0.0008,0,2022-05-26 00:00:34.718376
37992000,0.0304,0,2022-05-26 00:00:34.718376
37988000,0.0559,0,2022-05-26 00:00:34.718376
37987000,0.0567,0,2022-05-26 00:00:34.718376
37984000,0.0112,0,2022-05-26 00:00:34.718376
38008000,0.3947,1,2022-05-26 00:00:34.718376
38010000,0.0499,1,2022-05-26 00:00:34.718376
38012000,0.0846,1,2022-05-26 00:00:34.718376
38014000,0.0569,1,2022-05-26 00:00:34.718376
38016000,0.4005,1,2022-05-26 00:00:34.718376
38000000,0.0008,0,2022-05-26 00:00:35.780664
37992000,0.0304,0,2022-05-26 00:00:35.780664
37988000,0.0559,0,2022-05-26 00:00:35.780664
37987000,0.4252,0,2022-05-26 00:00:35.780664
37984000,0.0112,0,2022-05-26 00:00:35.780664
38008000,0.3947,1,2022-05-26 00:00:35.780664
38010000,0.0499,1,2022-05-26 00:00:35.780664
38012000,0.0846,1,2022-05-26 00:00:35.780664
38014000,0.0569,1,2022-05-26 00:00:35.780664
38016000,0.4005,1,2022-05-26 00:00:35.780664
38000000,0.0008,0,2022-05-26 00:00:36.842363
37992000,0.0304,0,2022-05-26 00:00:36.842363
37988000,0.0559,0,2022-05-26 00:00:36.842363
37987000,0.4252,0,2022-05-26 00:00:36.842363
37984000,0.0112,0,2022-05-26 00:00:36.842363
38008000,0.39,1,2022-05-26 00:00:36.842363
38010000,0.0499,1,2022-05-26 00:00:36.842363
38012000,0.0846,1,2022-05-26 00:00:36.842363
38014000,0.0569,1,2022-05-26 00:00:36.842363
38016000,0.4005,1,2022-05-26 00:00:36.842363
38000000,0.0008,0,2022-05-26 00:00:37.888787
37992000,0.0304,0,2022-05-26 00:00:37.888787
37988000,0.0559,0,2022-05-26 00:00:37.888787
37987000,0.4252,0,2022-05-26 00:00:37.888787
37983000,0.1484,0,2022-05-26 00:00:37.888787
38006000,0.0507,1,2022-05-26 00:00:37.888787
38007000,0.0525,1,2022-05-26 00:00:37.888787
38008000,0.39,1,2022-05-26 00:00:37.888787
38010000,0.0499,1,2022-05-26 00:00:37.888787
38012000,0.0846,1,2022-05-26 00:00:37.888787
38000000,0.0008,0,2022-05-26 00:00:38.939177
37992000,0.0304,0,2022-05-26 00:00:38.939177
37988000,0.0559,0,2022-05-26 00:00:38.939177
37987000,0.4252,0,2022-05-26 00:00:38.939177
37983000,0.1484,0,2022-05-26 00:00:38.939177
38006000,0.0507,1,2022-05-26 00:00:38.939177
38007000,0.0525,1,2022-05-26 00:00:38.939177
38008000,0.39,1,2022-05-26 00:00:38.939177
38010000,0.0499,1,2022-05-26 00:00:38.939177
38012000,0.0846,1,2022-05-26 00:00:38.939177
38000000,0.0008,0,2022-05-26 00:00:39.984264
37992000,0.0304,0,2022-05-26 00:00:39.984264
37991000,0.0485,0,2022-05-26 00:00:39.984264
37988000,0.0559,0,2022-05-26 00:00:39.984264
37987000,0.4252,0,2022-05-26 00:00:39.984264
38007000,0.0525,1,2022-05-26 00:00:39.984264
38008000,0.39,1,2022-05-26 00:00:39.984264
38010000,0.0499,1,2022-05-26 00:00:39.984264
38012000,0.0846,1,2022-05-26 00:00:39.984264
38014000,0.0569,1,2022-05-26 00:00:39.984264
38000000,0.0008,0,2022-05-26 00:00:41.070197
37992000,0.0304,0,2022-05-26 00:00:41.070197
37991000,0.0485,0,2022-05-26 00:00:41.070197
37988000,0.0559,0,2022-05-26 00:00:41.070197
37987000,0.4252,0,2022-05-26 00:00:41.070197
38008000,0.39,1,2022-05-26 00:00:41.070197
38010000,0.0499,1,2022-05-26 00:00:41.070197
38012000,0.0846,1,2022-05-26 00:00:41.070197
38014000,0.0569,1,2022-05-26 00:00:41.070197
38016000,0.4005,1,2022-05-26 00:00:41.070197
38000000,0.0008,0,2022-05-26 00:00:42.129984
37992000,0.0304,0,2022-05-26 00:00:42.129984
37991000,0.0485,0,2022-05-26 00:00:42.129984
37988000,0.0559,0,2022-05-26 00:00:42.129984
37987000,0.4252,0,2022-05-26 00:00:42.129984
38008000,0.3338,1,2022-05-26 00:00:42.129984
38010000,0.0499,1,2022-05-26 00:00:42.129984
38012000,0.0846,1,2022-05-26 00:00:42.129984
38014000,0.0569,1,2022-05-26 00:00:42.129984
38016000,0.4005,1,2022-05-26 00:00:42.129984
38000000,0.0008,0,2022-05-26 00:00:43.176847
37992000,0.0304,0,2022-05-26 00:00:43.176847
37991000,0.0485,0,2022-05-26 00:00:43.176847
37988000,0.0559,0,2022-05-26 00:00:43.176847
37987000,0.4252,0,2022-05-26 00:00:43.176847
38008000,0.3199,1,2022-05-26 00:00:43.176847
38010000,0.0499,1,2022-05-26 00:00:43.176847
38012000,0.0846,1,2022-05-26 00:00:43.176847
38014000,0.0569,1,2022-05-26 00:00:43.176847
38016000,0.4005,1,2022-05-26 00:00:43.176847
38000000,0.0008,0,2022-05-26 00:00:44.221421
37992000,0.0304,0,2022-05-26 00:00:44.221421
37991000,0.0485,0,2022-05-26 00:00:44.221421
37988000,0.0559,0,2022-05-26 00:00:44.221421
37987000,0.4252,0,2022-05-26 00:00:44.221421
38008000,0.3199,1,2022-05-26 00:00:44.221421
38010000,0.0499,1,2022-05-26 00:00:44.221421
38012000,0.0846,1,2022-05-26 00:00:44.221421
38014000,0.0569,1,2022-05-26 00:00:44.221421
38016000,0.4005,1,2022-05-26 00:00:44.221421
38000000,0.0008,0,2022-05-26 00:00:45.273233
37992000,0.0304,0,2022-05-26 00:00:45.273233
37991000,0.0485,0,2022-05-26 00:00:45.273233
37988000,0.0559,0,2022-05-26 00:00:45.273233
37987000,0.4252,0,2022-05-26 00:00:45.273233
38008000,0.3199,1,2022-05-26 00:00:45.273233
38010000,0.0499,1,2022-05-26 00:00:45.273233
38012000,0.0846,1,2022-05-26 00:00:45.273233
38014000,0.0569,1,2022-05-26 00:00:45.273233
38016000,0.4005,1,2022-05-26 00:00:45.273233
38000000,0.0008,0,2022-05-26 00:00:46.318331
37992000,0.0304,0,2022-05-26 00:00:46.318331
37991000,0.0485,0,2022-05-26 00:00:46.318331
37988000,0.0559,0,2022-05-26 00:00:46.318331
37987000,0.4252,0,2022-05-26 00:00:46.318331
38008000,0.3199,1,2022-05-26 00:00:46.318331
38010000,0.0499,1,2022-05-26 00:00:46.318331
38012000,0.0846,1,2022-05-26 00:00:46.318331
38014000,0.0569,1,2022-05-26 00:00:46.318331
38016000,0.4005,1,2022-05-26 00:00:46.318331
38000000,0.0008,0,2022-05-26 00:00:47.370034
37992000,0.0304,0,2022-05-26 00:00:47.370034
37991000,0.0485,0,2022-05-26 00:00:47.370034
37988000,0.0559,0,2022-05-26 00:00:47.370034
37987000,0.4252,0,2022-05-26 00:00:47.370034
38008000,0.3199,1,2022-05-26 00:00:47.370034
38010000,0.0499,1,2022-05-26 00:00:47.370034
38012000,0.0846,1,2022-05-26 00:00:47.370034
38014000,0.0569,1,2022-05-26 00:00:47.370034
38016000,0.4005,1,2022-05-26 00:00:47.370034
38000000,0.0008,0,2022-05-26 00:00:48.418779
37992000,0.0304,0,2022-05-26 00:00:48.418779
37991000,0.0485,0,2022-05-26 00:00:48.418779
37988000,0.0559,0,2022-05-26 00:00:48.418779
37987000,0.4252,0,2022-05-26 00:00:48.418779
38008000,0.3199,1,2022-05-26 00:00:48.418779
38010000,0.0499,1,2022-05-26 00:00:48.418779
38012000,0.0846,1,2022-05-26 00:00:48.418779
38014000,0.0569,1,2022-05-26 00:00:48.418779
38016000,0.4005,1,2022-05-26 00:00:48.418779
38000000,0.0008,0,2022-05-26 00:00:49.485196
37992000,0.0304,0,2022-05-26 00:00:49.485196
37991000,0.0485,0,2022-05-26 00:00:49.485196
37988000,0.0559,0,2022-05-26 00:00:49.485196
37987000,0.4252,0,2022-05-26 00:00:49.485196
38006000,0.0543,1,2022-05-26 00:00:49.485196
38007000,0.055999999999999994,1,2022-05-26 00:00:49.485196
38008000,0.3199,1,2022-05-26 00:00:49.485196
38010000,0.0499,1,2022-05-26 00:00:49.485196
38012000,0.0846,1,2022-05-26 00:00:49.485196
38000000,0.0008,0,2022-05-26 00:00:50.548146
37992000,0.0304,0,2022-05-26 00:00:50.548146
37991000,0.0485,0,2022-05-26 00:00:50.548146
37988000,0.0559,0,2022-05-26 00:00:50.548146
37987000,0.4252,0,2022-05-26 00:00:50.548146
38006000,0.0543,1,2022-05-26 00:00:50.548146
38007000,0.055999999999999994,1,2022-05-26 00:00:50.548146
38008000,0.3199,1,2022-05-26 00:00:50.548146
38010000,0.0499,1,2022-05-26 00:00:50.548146
38012000,0.0846,1,2022-05-26 00:00:50.548146
38000000,0.0008,0,2022-05-26 00:00:51.597806
37992000,0.0304,0,2022-05-26 00:00:51.597806
37991000,0.0485,0,2022-05-26 00:00:51.597806
37988000,0.0559,0,2022-05-26 00:00:51.597806
37987000,0.4252,0,2022-05-26 00:00:51.597806
38006000,0.0543,1,2022-05-26 00:00:51.597806
38007000,0.055999999999999994,1,2022-05-26 00:00:51.597806
38008000,0.3199,1,2022-05-26 00:00:51.597806
38010000,0.0499,1,2022-05-26 00:00:51.597806
38012000,0.0846,1,2022-05-26 00:00:51.597806
38000000,0.0008,0,2022-05-26 00:00:52.641707
37992000,0.0304,0,2022-05-26 00:00:52.641707
37991000,0.0485,0,2022-05-26 00:00:52.641707
37988000,0.0559,0,2022-05-26 00:00:52.641707
37987000,0.4252,0,2022-05-26 00:00:52.641707
38006000,0.0543,1,2022-05-26 00:00:52.641707
38007000,0.055999999999999994,1,2022-05-26 00:00:52.641707
38008000,0.3199,1,2022-05-26 00:00:52.641707
38010000,0.0499,1,2022-05-26 00:00:52.641707
38012000,0.0846,1,2022-05-26 00:00:52.641707
38000000,0.0008,0,2022-05-26 00:00:53.697341
37992000,0.0304,0,2022-05-26 00:00:53.697341
37991000,0.0485,0,2022-05-26 00:00:53.697341
37988000,0.0559,0,2022-05-26 00:00:53.697341
37987000,0.4252,0,2022-05-26 00:00:53.697341
38006000,0.0543,1,2022-05-26 00:00:53.697341
38007000,0.055999999999999994,1,2022-05-26 00:00:53.697341
38008000,0.3199,1,2022-05-26 00:00:53.697341
38010000,0.0499,1,2022-05-26 00:00:53.697341
38012000,0.0846,1,2022-05-26 00:00:53.697341
38000000,0.0008,0,2022-05-26 00:00:54.741658
37992000,0.0304,0,2022-05-26 00:00:54.741658
37991000,0.0485,0,2022-05-26 00:00:54.741658
37988000,0.0559,0,2022-05-26 00:00:54.741658
37987000,0.4252,0,2022-05-26 00:00:54.741658
38006000,0.0543,1,2022-05-26 00:00:54.741658
38007000,0.055999999999999994,1,2022-05-26 00:00:54.741658
38008000,0.3199,1,2022-05-26 00:00:54.741658
38010000,0.0499,1,2022-05-26 00:00:54.741658
38012000,0.0846,1,2022-05-26 00:00:54.741658
38000000,0.0008,0,2022-05-26 00:00:55.784293
37992000,0.0304,0,2022-05-26 00:00:55.784293
37991000,0.0485,0,2022-05-26 00:00:55.784293
37988000,0.0559,0,2022-05-26 00:00:55.784293
37987000,0.4252,0,2022-05-26 00:00:55.784293
38006000,0.0394,1,2022-05-26 00:00:55.784293
38007000,0.055999999999999994,1,2022-05-26 00:00:55.784293
38008000,0.3199,1,2022-05-26 00:00:55.784293
38010000,0.0499,1,2022-05-26 00:00:55.784293
38012000,0.0846,1,2022-05-26 00:00:55.784293
38000000,0.0008,0,2022-05-26 00:00:56.947460
37992000,0.0304,0,2022-05-26 00:00:56.947460
37991000,0.0485,0,2022-05-26 00:00:56.947460
37988000,0.0559,0,2022-05-26 00:00:56.947460
37987000,0.4252,0,2022-05-26 00:00:56.947460
38006000,0.0394,1,2022-05-26 00:00:56.947460
38007000,0.055999999999999994,1,2022-05-26 00:00:56.947460
38008000,0.3199,1,2022-05-26 00:00:56.947460
38010000,0.0499,1,2022-05-26 00:00:56.947460
38012000,0.0846,1,2022-05-26 00:00:56.947460
38000000,0.0008,0,2022-05-26 00:00:57.993780
37992000,0.0304,0,2022-05-26 00:00:57.993780
37991000,0.0485,0,2022-05-26 00:00:57.993780
37988000,0.0559,0,2022-05-26 00:00:57.993780
37987000,0.4252,0,2022-05-26 00:00:57.993780
38006000,0.0394,1,2022-05-26 00:00:57.993780
38007000,0.055999999999999994,1,2022-05-26 00:00:57.993780
38008000,0.3199,1,2022-05-26 00:00:57.993780
38010000,0.0499,1,2022-05-26 00:00:57.993780
38012000,0.0846,1,2022-05-26 00:00:57.993780
38000000,0.0008,0,2022-05-26 00:00:59.049053
37992000,0.0304,0,2022-05-26 00:00:59.049053
37991000,0.0485,0,2022-05-26 00:00:59.049053
37988000,0.0559,0,2022-05-26 00:00:59.049053
37987000,0.4252,0,2022-05-26 00:00:59.049053
38006000,0.0394,1,2022-05-26 00:00:59.049053
38007000,0.055999999999999994,1,2022-05-26 00:00:59.049053
38008000,0.3199,1,2022-05-26 00:00:59.049053
38010000,0.0499,1,2022-05-26 00:00:59.049053
38012000,0.0846,1,2022-05-26 00:00:59.049053
37991000,0.013000000000000001,0,2022-05-26 00:01:00.093214
37988000,0.0559,0,2022-05-26 00:01:00.093214
37987000,0.4252,0,2022-05-26 00:01:00.093214
37984000,0.6,0,2022-05-26 00:01:00.093214
37983000,0.0854,0,2022-05-26 00:01:00.093214
38007000,0.055999999999999994,1,2022-05-26 00:01:00.093214
38008000,0.3199,1,2022-05-26 00:01:00.093214
38010000,0.0499,1,2022-05-26 00:01:00.093214
38012000,0.0846,1,2022-05-26 00:01:00.093214
38014000,0.0569,1,2022-05-26 00:01:00.093214
38006000,0.0319,0,2022-05-26 00:01:01.146296
37991000,0.013000000000000001,0,2022-05-26 00:01:01.146296
37988000,0.1189,0,2022-05-26 00:01:01.146296
37987000,0.4252,0,2022-05-26 00:01:01.146296
37983000,0.0854,0,2022-05-26 00:01:01.146296
38007000,0.055999999999999994,1,2022-05-26 00:01:01.146296
38008000,0.3199,1,2022-05-26 00:01:01.146296
38010000,0.0499,1,2022-05-26 00:01:01.146296
38012000,0.0846,1,2022-05-26 00:01:01.146296
38014000,0.0569,1,2022-05-26 00:01:01.146296
38006000,0.0319,0,2022-05-26 00:01:02.199567
37997000,0.0563,0,2022-05-26 00:01:02.199567
37991000,0.013000000000000001,0,2022-05-26 00:01:02.199567
37988000,0.7189,0,2022-05-26 00:01:02.199567
37987000,0.4252,0,2022-05-26 00:01:02.199567
38007000,0.055999999999999994,1,2022-05-26 00:01:02.199567
38008000,0.3199,1,2022-05-26 00:01:02.199567
38010000,0.0499,1,2022-05-26 00:01:02.199567
38012000,0.0846,1,2022-05-26 00:01:02.199567
38014000,0.0569,1,2022-05-26 00:01:02.199567
38006000,0.0319,0,2022-05-26 00:01:03.250473
37997000,0.0563,0,2022-05-26 00:01:03.250473
37988000,0.7189,0,2022-05-26 00:01:03.250473
37987000,0.4252,0,2022-05-26 00:01:03.250473
37983000,0.0854,0,2022-05-26 00:01:03.250473
38007000,0.055999999999999994,1,2022-05-26 00:01:03.250473
38008000,0.3199,1,2022-05-26 00:01:03.250473
38010000,0.0499,1,2022-05-26 00:01:03.250473
38012000,0.0846,1,2022-05-26 00:01:03.250473
38014000,0.0569,1,2022-05-26 00:01:03.250473
37997000,0.0563,0,2022-05-26 00:01:04.306803
37991000,0.0523,0,2022-05-26 00:01:04.306803
37988000,0.7189,0,2022-05-26 00:01:04.306803
37987000,0.4252,0,2022-05-26 00:01:04.306803
37983000,0.0854,0,2022-05-26 00:01:04.306803
38004000,0.0318,1,2022-05-26 00:01:04.306803
38007000,0.055999999999999994,1,2022-05-26 00:01:04.306803
38008000,0.3199,1,2022-05-26 00:01:04.306803
38010000,0.0499,1,2022-05-26 00:01:04.306803
38012000,0.0846,1,2022-05-26 00:01:04.306803
38009000,0.1322,0,2022-05-26 00:01:05.349509
38008000,0.2644,0,2022-05-26 00:01:05.349509
38007000,0.055999999999999994,0,2022-05-26 00:01:05.349509
38006000,0.0878,0,2022-05-26 00:01:05.349509
37997000,0.1107,0,2022-05-26 00:01:05.349509
38012000,0.0311,1,2022-05-26 00:01:05.349509
38016000,0.4005,1,2022-05-26 00:01:05.349509
38017000,0.0534,1,2022-05-26 00:01:05.349509
38018000,0.0533,1,2022-05-26 00:01:05.349509
38021000,0.0323,1,2022-05-26 00:01:05.349509
38009000,0.1322,0,2022-05-26 00:01:06.581460
38008000,0.2644,0,2022-05-26 00:01:06.581460
38007000,0.055999999999999994,0,2022-05-26 00:01:06.581460
38006000,0.2166,0,2022-05-26 00:01:06.581460
38003000,0.0303,0,2022-05-26 00:01:06.581460
38016000,0.4005,1,2022-05-26 00:01:06.581460
38017000,0.0534,1,2022-05-26 00:01:06.581460
38018000,0.0533,1,2022-05-26 00:01:06.581460
38021000,0.0323,1,2022-05-26 00:01:06.581460
38023000,0.5771,1,2022-05-26 00:01:06.581460
38009000,0.1322,0,2022-05-26 00:01:07.635523
38008000,0.2644,0,2022-05-26 00:01:07.635523
38006000,0.0782,0,2022-05-26 00:01:07.635523
38003000,0.0303,0,2022-05-26 00:01:07.635523
37998000,0.69,0,2022-05-26 00:01:07.635523
38016000,0.4005,1,2022-05-26 00:01:07.635523
38017000,0.0534,1,2022-05-26 00:01:07.635523
38018000,0.0533,1,2022-05-26 00:01:07.635523
38021000,0.0323,1,2022-05-26 00:01:07.635523
38023000,0.5771,1,2022-05-26 00:01:07.635523
38017000,0.0815,0,2022-05-26 00:01:08.681197
38016000,0.537,0,2022-05-26 00:01:08.681197
38009000,0.1322,0,2022-05-26 00:01:08.681197
38008000,0.2644,0,2022-05-26 00:01:08.681197
38007000,0.0839,0,2022-05-26 00:01:08.681197
38021000,0.0323,1,2022-05-26 00:01:08.681197
38023000,0.5258,1,2022-05-26 00:01:08.681197
38025000,0.0539,1,2022-05-26 00:01:08.681197
38027000,0.5258,1,2022-05-26 00:01:08.681197
38028000,0.0313,1,2022-05-26 00:01:08.681197
38017000,0.0815,0,2022-05-26 00:01:09.882012
38016000,0.537,0,2022-05-26 00:01:09.882012
38009000,0.1322,0,2022-05-26 00:01:09.882012
38008000,0.2644,0,2022-05-26 00:01:09.882012
38007000,0.0839,0,2022-05-26 00:01:09.882012
38021000,0.0323,1,2022-05-26 00:01:09.882012
38023000,0.5258,1,2022-05-26 00:01:09.882012
38025000,0.0539,1,2022-05-26 00:01:09.882012
38027000,0.5258,1,2022-05-26 00:01:09.882012
38028000,0.0313,1,2022-05-26 00:01:09.882012
38016000,0.0782,0,2022-05-26 00:01:10.930546
38009000,0.1322,0,2022-05-26 00:01:10.930546
38008000,0.2644,0,2022-05-26 00:01:10.930546
38007000,0.0839,0,2022-05-26 00:01:10.930546
38006000,0.0316,0,2022-05-26 00:01:10.930546
38021000,0.0323,1,2022-05-26 00:01:10.930546
38023000,0.5258,1,2022-05-26 00:01:10.930546
38025000,0.0539,1,2022-05-26 00:01:10.930546
38027000,0.5258,1,2022-05-26 00:01:10.930546
38028000,0.0313,1,2022-05-26 00:01:10.930546
38009000,0.1322,0,2022-05-26 00:01:11.980498
38008000,0.2644,0,2022-05-26 00:01:11.980498
38006000,0.0316,0,2022-05-26 00:01:11.980498
38005000,0.0528,0,2022-05-26 00:01:11.980498
37998000,0.4057,0,2022-05-26 00:01:11.980498
38015000,0.2346,1,2022-05-26 00:01:11.980498
38016000,0.0782,1,2022-05-26 00:01:11.980498
38021000,0.0323,1,2022-05-26 00:01:11.980498
38022000,0.0491,1,2022-05-26 00:01:11.980498
38023000,0.5812,1,2022-05-26 00:01:11.980498
38009000,0.1322,0,2022-05-26 00:01:13.046857
38008000,0.2644,0,2022-05-26 00:01:13.046857
38006000,0.0316,0,2022-05-26 00:01:13.046857
38005000,0.0528,0,2022-05-26 00:01:13.046857
37998000,0.4057,0,2022-05-26 00:01:13.046857
38015000,0.2346,1,2022-05-26 00:01:13.046857
38016000,0.0782,1,2022-05-26 00:01:13.046857
38021000,0.0323,1,2022-05-26 00:01:13.046857
38022000,0.0491,1,2022-05-26 00:01:13.046857
38023000,0.5812,1,2022-05-26 00:01:13.046857
38009000,0.1322,0,2022-05-26 00:01:14.095884
38008000,0.2644,0,2022-05-26 00:01:14.095884
38006000,0.0316,0,2022-05-26 00:01:14.095884
38005000,0.0528,0,2022-05-26 00:01:14.095884
37998000,0.4057,0,2022-05-26 00:01:14.095884
38015000,0.2346,1,2022-05-26 00:01:14.095884
38016000,0.0782,1,2022-05-26 00:01:14.095884
38021000,0.0323,1,2022-05-26 00:01:14.095884
38022000,0.0491,1,2022-05-26 00:01:14.095884
38023000,0.5812,1,2022-05-26 00:01:14.095884
38009000,0.1322,0,2022-05-26 00:01:15.450148
38008000,0.2644,0,2022-05-26 00:01:15.450148
38006000,0.0316,0,2022-05-26 00:01:15.450148
38005000,0.0528,0,2022-05-26 00:01:15.450148
37998000,0.4057,0,2022-05-26 00:01:15.450148
38015000,0.2346,1,2022-05-26 00:01:15.450148
38016000,0.0782,1,2022-05-26 00:01:15.450148
38021000,0.0323,1,2022-05-26 00:01:15.450148
38022000,0.0491,1,2022-05-26 00:01:15.450148
38023000,0.5812,1,2022-05-26 00:01:15.450148
38009000,0.1322,0,2022-05-26 00:01:16.499811
38008000,0.2644,0,2022-05-26 00:01:16.499811
38006000,0.0316,0,2022-05-26 00:01:16.499811
38005000,0.0528,0,2022-05-26 00:01:16.499811
37998000,0.4057,0,2022-05-26 00:01:16.499811
38015000,0.2346,1,2022-05-26 00:01:16.499811
38016000,0.0782,1,2022-05-26 00:01:16.499811
38021000,0.0323,1,2022-05-26 00:01:16.499811
38022000,0.0491,1,2022-05-26 00:01:16.499811
38023000,0.5812,1,2022-05-26 00:01:16.499811
38009000,0.1322,0,2022-05-26 00:01:17.547820
38008000,0.2644,0,2022-05-26 00:01:17.547820
38006000,0.0316,0,2022-05-26 00:01:17.547820
38005000,0.0528,0,2022-05-26 00:01:17.547820
37998000,0.4057,0,2022-05-26 00:01:17.547820
38015000,0.0782,1,2022-05-26 00:01:17.547820
38021000,0.0323,1,2022-05-26 00:01:17.547820
38022000,0.0491,1,2022-05-26 00:01:17.547820
38023000,0.5812,1,2022-05-26 00:01:17.547820
38025000,0.0539,1,2022-05-26 00:01:17.547820
38017000,0.1564,0,2022-05-26 00:01:18.603819
38016000,0.1322,0,2022-05-26 00:01:18.603819
38009000,0.1322,0,2022-05-26 00:01:18.603819
38008000,0.2644,0,2022-05-26 00:01:18.603819
38006000,0.0316,0,2022-05-26 00:01:18.603819
38021000,0.0323,1,2022-05-26 00:01:18.603819
38022000,0.0491,1,2022-05-26 00:01:18.603819
38023000,0.5812,1,2022-05-26 00:01:18.603819
38025000,0.0539,1,2022-05-26 00:01:18.603819
38027000,0.575,1,2022-05-26 00:01:18.603819
38017000,0.1564,0,2022-05-26 00:01:19.654361
38016000,0.1322,0,2022-05-26 00:01:19.654361
38009000,0.1322,0,2022-05-26 00:01:19.654361
38008000,0.2644,0,2022-05-26 00:01:19.654361
38006000,0.0316,0,2022-05-26 00:01:19.654361
38021000,0.0323,1,2022-05-26 00:01:19.654361
38022000,0.0491,1,2022-05-26 00:01:19.654361
38023000,0.5812,1,2022-05-26 00:01:19.654361
38025000,0.0539,1,2022-05-26 00:01:19.654361
38027000,0.575,1,2022-05-26 00:01:19.654361
38017000,0.1564,0,2022-05-26 00:01:20.698028
38009000,0.1322,0,2022-05-26 00:01:20.698028
38008000,0.2644,0,2022-05-26 00:01:20.698028
38006000,0.0316,0,2022-05-26 00:01:20.698028
38005000,0.0528,0,2022-05-26 00:01:20.698028
38021000,0.0307,1,2022-05-26 00:01:20.698028
38022000,0.0491,1,2022-05-26 00:01:20.698028
38023000,0.5812,1,2022-05-26 00:01:20.698028
38025000,0.0539,1,2022-05-26 00:01:20.698028
38027000,0.575,1,2022-05-26 00:01:20.698028
38009000,0.1322,0,2022-05-26 00:01:21.892373
38008000,0.2644,0,2022-05-26 00:01:21.892373
38006000,0.0316,0,2022-05-26 00:01:21.892373
38005000,0.0528,0,2022-05-26 00:01:21.892373
38004000,0.08199999999999999,0,2022-05-26 00:01:21.892373
38016000,0.1322,1,2022-05-26 00:01:21.892373
38017000,0.1322,1,2022-05-26 00:01:21.892373
38021000,0.0307,1,2022-05-26 00:01:21.892373
38022000,0.0491,1,2022-05-26 00:01:21.892373
38023000,0.5812,1,2022-05-26 00:01:21.892373
38008000,0.2644,0,2022-05-26 00:01:22.943348
38006000,0.0316,0,2022-05-26 00:01:22.943348
38005000,0.0528,0,2022-05-26 00:01:22.943348
38004000,0.08199999999999999,0,2022-05-26 00:01:22.943348
38000000,0.0495,0,2022-05-26 00:01:22.943348
38016000,0.1322,1,2022-05-26 00:01:22.943348
38017000,0.2811,1,2022-05-26 00:01:22.943348
38021000,0.0307,1,2022-05-26 00:01:22.943348
38022000,0.0491,1,2022-05-26 00:01:22.943348
38023000,0.5812,1,2022-05-26 00:01:22.943348
38006000,0.0316,0,2022-05-26 00:01:24.000026
38005000,0.0528,0,2022-05-26 00:01:24.000026
38004000,0.08199999999999999,0,2022-05-26 00:01:24.000026
38000000,0.0495,0,2022-05-26 00:01:24.000026
37998000,0.4057,0,2022-05-26 00:01:24.000026
38016000,0.1322,1,2022-05-26 00:01:24.000026
38017000,0.2811,1,2022-05-26 00:01:24.000026
38020000,0.4029,1,2022-05-26 00:01:24.000026
38021000,0.0307,1,2022-05-26 00:01:24.000026
38023000,0.5258,1,2022-05-26 00:01:24.000026
38006000,0.0316,0,2022-05-26 00:01:25.063117
38005000,0.0528,0,2022-05-26 00:01:25.063117
38004000,0.08199999999999999,0,2022-05-26 00:01:25.063117
38000000,0.0495,0,2022-05-26 00:01:25.063117
37998000,0.4546,0,2022-05-26 00:01:25.063117
38016000,0.1322,1,2022-05-26 00:01:25.063117
38017000,0.2644,1,2022-05-26 00:01:25.063117
38020000,0.4029,1,2022-05-26 00:01:25.063117
38021000,0.0307,1,2022-05-26 00:01:25.063117
38023000,0.5258,1,2022-05-26 00:01:25.063117
38006000,0.0316,0,2022-05-26 00:01:26.115672
38005000,0.0528,0,2022-05-26 00:01:26.115672
38004000,0.08199999999999999,0,2022-05-26 00:01:26.115672
38000000,0.0495,0,2022-05-26 00:01:26.115672
37998000,0.4546,0,2022-05-26 00:01:26.115672
38016000,0.1322,1,2022-05-26 00:01:26.115672
38017000,0.2644,1,2022-05-26 00:01:26.115672
38020000,0.4029,1,2022-05-26 00:01:26.115672
38021000,0.0307,1,2022-05-26 00:01:26.115672
38023000,0.5258,1,2022-05-26 00:01:26.115672
38006000,0.0316,0,2022-05-26 00:01:27.169784
38005000,0.0528,0,2022-05-26 00:01:27.169784
38004000,0.08199999999999999,0,2022-05-26 00:01:27.169784
38000000,0.0495,0,2022-05-26 00:01:27.169784
37998000,0.4546,0,2022-05-26 00:01:27.169784
38016000,0.1322,1,2022-05-26 00:01:27.169784
38017000,0.2644,1,2022-05-26 00:01:27.169784
38020000,0.4029,1,2022-05-26 00:01:27.169784
38021000,0.0307,1,2022-05-26 00:01:27.169784
38023000,0.5258,1,2022-05-26 00:01:27.169784
38006000,0.0316,0,2022-05-26 00:01:28.223470
38005000,0.0528,0,2022-05-26 00:01:28.223470
38004000,0.08199999999999999,0,2022-05-26 00:01:28.223470
38000000,0.0495,0,2022-05-26 00:01:28.223470
37998000,0.4546,0,2022-05-26 00:01:28.223470
38016000,0.1322,1,2022-05-26 00:01:28.223470
38017000,0.2644,1,2022-05-26 00:01:28.223470
38020000,0.4029,1,2022-05-26 00:01:28.223470
38021000,0.0307,1,2022-05-26 00:01:28.223470
38023000,0.5258,1,2022-05-26 00:01:28.223470
38006000,0.0316,0,2022-05-26 00:01:29.283305
38005000,0.0528,0,2022-05-26 00:01:29.283305
38004000,0.08199999999999999,0,2022-05-26 00:01:29.283305
38000000,0.0495,0,2022-05-26 00:01:29.283305
37998000,0.4546,0,2022-05-26 00:01:29.283305
38016000,0.1322,1,2022-05-26 00:01:29.283305
38017000,0.2644,1,2022-05-26 00:01:29.283305
38020000,0.4029,1,2022-05-26 00:01:29.283305
38021000,0.0307,1,2022-05-26 00:01:29.283305
38023000,0.5258,1,2022-05-26 00:01:29.283305
38006000,0.0316,0,2022-05-26 00:01:30.333894
38005000,0.0528,0,2022-05-26 00:01:30.333894
38004000,0.08199999999999999,0,2022-05-26 00:01:30.333894
38000000,0.0495,0,2022-05-26 00:01:30.333894
37998000,0.4546,0,2022-05-26 00:01:30.333894
38016000,0.1322,1,2022-05-26 00:01:30.333894
38017000,0.2644,1,2022-05-26 00:01:30.333894
38020000,0.4029,1,2022-05-26 00:01:30.333894
38021000,0.0307,1,2022-05-26 00:01:30.333894
38023000,0.5258,1,2022-05-26 00:01:30.333894
38008000,0.0569,0,2022-05-26 00:01:31.386112
38006000,0.0854,0,2022-05-26 00:01:31.386112
38005000,0.0528,0,2022-05-26 00:01:31.386112
38004000,0.08199999999999999,0,2022-05-26 00:01:31.386112
38000000,0.0973,0,2022-05-26 00:01:31.386112
38021000,0.0307,1,2022-05-26 00:01:31.386112
38023000,0.5258,1,2022-05-26 00:01:31.386112
38025000,0.109,1,2022-05-26 00:01:31.386112
38027000,0.5817,1,2022-05-26 00:01:31.386112
38028000,0.0313,1,2022-05-26 00:01:31.386112
38008000,0.1126,0,2022-05-26 00:01:32.429306
38006000,0.0854,0,2022-05-26 00:01:32.429306
38005000,0.0528,0,2022-05-26 00:01:32.429306
38004000,0.08199999999999999,0,2022-05-26 00:01:32.429306
38000000,0.0973,0,2022-05-26 00:01:32.429306
38021000,0.0307,1,2022-05-26 00:01:32.429306
38023000,0.5258,1,2022-05-26 00:01:32.429306
38025000,0.109,1,2022-05-26 00:01:32.429306
38027000,0.5817,1,2022-05-26 00:01:32.429306
38028000,0.0313,1,2022-05-26 00:01:32.429306
38008000,0.4859,0,2022-05-26 00:01:33.484289
38006000,0.0854,0,2022-05-26 00:01:33.484289
38005000,0.0528,0,2022-05-26 00:01:33.484289
38004000,0.08199999999999999,0,2022-05-26 00:01:33.484289
38000000,0.0973,0,2022-05-26 00:01:33.484289
38021000,0.0188,1,2022-05-26 00:01:33.484289
38023000,0.5258,1,2022-05-26 00:01:33.484289
38025000,0.109,1,2022-05-26 00:01:33.484289
38027000,0.5817,1,2022-05-26 00:01:33.484289
38028000,0.0313,1,2022-05-26 00:01:33.484289
38008000,0.4859,0,2022-05-26 00:01:34.538667
38006000,0.0854,0,2022-05-26 00:01:34.538667
38005000,0.6528,0,2022-05-26 00:01:34.538667
38004000,0.08199999999999999,0,2022-05-26 00:01:34.538667
38000000,0.0973,0,2022-05-26 00:01:34.538667
38021000,0.0188,1,2022-05-26 00:01:34.538667
38023000,0.5258,1,2022-05-26 00:01:34.538667
38025000,0.109,1,2022-05-26 00:01:34.538667
38027000,0.5817,1,2022-05-26 00:01:34.538667
38028000,0.0313,1,2022-05-26 00:01:34.538667
38008000,0.4859,0,2022-05-26 00:01:35.602986
38007000,0.6,0,2022-05-26 00:01:35.602986
38006000,0.0854,0,2022-05-26 00:01:35.602986
38005000,0.0528,0,2022-05-26 00:01:35.602986
38004000,0.08199999999999999,0,2022-05-26 00:01:35.602986
38023000,0.5258,1,2022-05-26 00:01:35.602986
38025000,0.109,1,2022-05-26 00:01:35.602986
38027000,0.5817,1,2022-05-26 00:01:35.602986
38029000,0.4293,1,2022-05-26 00:01:35.602986
38031000,0.25,1,2022-05-26 00:01:35.602986
38010000,0.0808,0,2022-05-26 00:01:36.651388
38008000,0.4859,0,2022-05-26 00:01:36.651388
38007000,0.6,0,2022-05-26 00:01:36.651388
38006000,0.0854,0,2022-05-26 00:01:36.651388
38005000,0.0528,0,2022-05-26 00:01:36.651388
38023000,0.1646,1,2022-05-26 00:01:36.651388
38025000,0.0551,1,2022-05-26 00:01:36.651388
38027000,0.5258,1,2022-05-26 00:01:36.651388
38029000,0.4293,1,2022-05-26 00:01:36.651388
38031000,0.25,1,2022-05-26 00:01:36.651388
38010000,0.0808,0,2022-05-26 00:01:37.696176
38009000,0.6,0,2022-05-26 00:01:37.696176
38008000,0.4859,0,2022-05-26 00:01:37.696176
38006000,0.0854,0,2022-05-26 00:01:37.696176
38005000,0.0528,0,2022-05-26 00:01:37.696176
38025000,0.0551,1,2022-05-26 00:01:37.696176
38029000,0.4293,1,2022-05-26 00:01:37.696176
38031000,0.25,1,2022-05-26 00:01:37.696176
38032000,0.0535,1,2022-05-26 00:01:37.696176
38033000,0.0547,1,2022-05-26 00:01:37.696176
38025000,0.0551,0,2022-05-26 00:01:38.741892
38023000,0.3749,0,2022-05-26 00:01:38.741892
38012000,0.2456,0,2022-05-26 00:01:38.741892
38010000,0.0808,0,2022-05-26 00:01:38.741892
38009000,0.6,0,2022-05-26 00:01:38.741892
38029000,0.0663,1,2022-05-26 00:01:38.741892
38031000,0.25,1,2022-05-26 00:01:38.741892
38032000,0.0535,1,2022-05-26 00:01:38.741892
38033000,0.0547,1,2022-05-26 00:01:38.741892
38035000,0.0467,1,2022-05-26 00:01:38.741892
38025000,0.0551,0,2022-05-26 00:01:39.794914
38023000,0.3749,0,2022-05-26 00:01:39.794914
38013000,0.6,0,2022-05-26 00:01:39.794914
38012000,0.1915,0,2022-05-26 00:01:39.794914
38010000,0.0808,0,2022-05-26 00:01:39.794914
38029000,0.0663,1,2022-05-26 00:01:39.794914
38031000,0.25,1,2022-05-26 00:01:39.794914
38032000,0.0535,1,2022-05-26 00:01:39.794914
38033000,0.0547,1,2022-05-26 00:01:39.794914
38035000,0.0467,1,2022-05-26 00:01:39.794914
38031000,0.2623,0,2022-05-26 00:01:40.847639
38029000,0.2574,0,2022-05-26 00:01:40.847639
38025000,0.0551,0,2022-05-26 00:01:40.847639
38023000,0.327,0,2022-05-26 00:01:40.847639
38021000,0.1094,0,2022-05-26 00:01:40.847639
38035000,0.0467,1,2022-05-26 00:01:40.847639
38045000,0.1107,1,2022-05-26 00:01:40.847639
38046000,0.0479,1,2022-05-26 00:01:40.847639
38047000,0.37,1,2022-05-26 00:01:40.847639
38048000,0.0543,1,2022-05-26 00:01:40.847639
38031000,0.2623,0,2022-05-26 00:01:41.917563
38029000,0.2574,0,2022-05-26 00:01:41.917563
38025000,0.0551,0,2022-05-26 00:01:41.917563
38023000,0.327,0,2022-05-26 00:01:41.917563
38021000,0.1094,0,2022-05-26 00:01:41.917563
38035000,0.0467,1,2022-05-26 00:01:41.917563
38045000,0.1107,1,2022-05-26 00:01:41.917563
38046000,0.0479,1,2022-05-26 00:01:41.917563
38047000,0.37,1,2022-05-26 00:01:41.917563
38048000,0.0543,1,2022-05-26 00:01:41.917563
38031000,0.2623,0,2022-05-26 00:01:42.981945
38029000,0.2574,0,2022-05-26 00:01:42.981945
38026000,0.3612,0,2022-05-26 00:01:42.981945
38025000,0.0551,0,2022-05-26 00:01:42.981945
38023000,0.1948,0,2022-05-26 00:01:42.981945
38035000,0.0467,1,2022-05-26 00:01:42.981945
38045000,0.1107,1,2022-05-26 00:01:42.981945
38046000,0.0479,1,2022-05-26 00:01:42.981945
38047000,0.37,1,2022-05-26 00:01:42.981945
38048000,0.0543,1,2022-05-26 00:01:42.981945
38029000,0.1989,0,2022-05-26 00:01:44.030654
38026000,0.3612,0,2022-05-26 00:01:44.030654
38025000,0.0551,0,2022-05-26 00:01:44.030654
38023000,0.0303,0,2022-05-26 00:01:44.030654
38021000,0.0569,0,2022-05-26 00:01:44.030654
38044000,0.0766,1,2022-05-26 00:01:44.030654
38045000,0.1107,1,2022-05-26 00:01:44.030654
38046000,0.0479,1,2022-05-26 00:01:44.030654
38047000,0.37,1,2022-05-26 00:01:44.030654
38048000,0.0543,1,2022-05-26 00:01:44.030654
38031000,0.2623,0,2022-05-26 00:01:45.072968
38029000,0.2574,0,2022-05-26 00:01:45.072968
38026000,0.3612,0,2022-05-26 00:01:45.072968
38025000,0.0551,0,2022-05-26 00:01:45.072968
38024000,0.6,0,2022-05-26 00:01:45.072968
38035000,0.0467,1,2022-05-26 00:01:45.072968
38045000,0.1107,1,2022-05-26 00:01:45.072968
38046000,0.0479,1,2022-05-26 00:01:45.072968
38047000,0.37,1,2022-05-26 00:01:45.072968
38048000,0.0543,1,2022-05-26 00:01:45.072968
38029000,0.1989,0,2022-05-26 00:01:46.124693
38026000,0.3612,0,2022-05-26 00:01:46.124693
38025000,0.0551,0,2022-05-26 00:01:46.124693
38021000,0.0569,0,2022-05-26 00:01:46.124693
38018000,0.4143,0,2022-05-26 00:01:46.124693
38044000,0.0766,1,2022-05-26 00:01:46.124693
38045000,0.1107,1,2022-05-26 00:01:46.124693
38046000,0.0479,1,2022-05-26 00:01:46.124693
38048000,0.0543,1,2022-05-26 00:01:46.124693
38053000,0.0822,1,2022-05-26 00:01:46.124693
38029000,0.1989,0,2022-05-26 00:01:47.170441
38026000,0.3612,0,2022-05-26 00:01:47.170441
38025000,0.1338,0,2022-05-26 00:01:47.170441
38021000,0.0569,0,2022-05-26 00:01:47.170441
38018000,0.4143,0,2022-05-26 00:01:47.170441
38045000,0.0581,1,2022-05-26 00:01:47.170441
38046000,0.0479,1,2022-05-26 00:01:47.170441
38048000,0.0543,1,2022-05-26 00:01:47.170441
38053000,0.0822,1,2022-05-26 00:01:47.170441
38058000,1.1256,1,2022-05-26 00:01:47.170441
38031000,0.0487,0,2022-05-26 00:01:48.230531
38029000,0.1989,0,2022-05-26 00:01:48.230531
38026000,0.3612,0,2022-05-26 00:01:48.230531
38025000,0.1338,0,2022-05-26 00:01:48.230531
38021000,0.0569,0,2022-05-26 00:01:48.230531
38046000,0.0479,1,2022-05-26 00:01:48.230531
38048000,0.0543,1,2022-05-26 00:01:48.230531
38053000,0.0822,1,2022-05-26 00:01:48.230531
38055000,0.0549,1,2022-05-26 00:01:48.230531
38058000,0.3482,1,2022-05-26 00:01:48.230531
38031000,0.0487,0,2022-05-26 00:01:49.283131
38029000,0.1989,0,2022-05-26 00:01:49.283131
38026000,0.3612,0,2022-05-26 00:01:49.283131
38025000,0.1338,0,2022-05-26 00:01:49.283131
38021000,0.0569,0,2022-05-26 00:01:49.283131
38046000,0.0479,1,2022-05-26 00:01:49.283131
38048000,0.0543,1,2022-05-26 00:01:49.283131
38052000,0.0572,1,2022-05-26 00:01:49.283131
38053000,0.0822,1,2022-05-26 00:01:49.283131
38055000,0.0549,1,2022-05-26 00:01:49.283131
38031000,0.0487,0,2022-05-26 00:01:50.368488
38029000,0.1989,0,2022-05-26 00:01:50.368488
38026000,0.3612,0,2022-05-26 00:01:50.368488
38025000,0.1338,0,2022-05-26 00:01:50.368488
38021000,0.0569,0,2022-05-26 00:01:50.368488
38046000,0.0479,1,2022-05-26 00:01:50.368488
38048000,0.0543,1,2022-05-26 00:01:50.368488
38052000,0.0572,1,2022-05-26 00:01:50.368488
38053000,0.0822,1,2022-05-26 00:01:50.368488
38055000,0.0549,1,2022-05-26 00:01:50.368488
38031000,0.0487,0,2022-05-26 00:01:51.415728
38029000,0.1989,0,2022-05-26 00:01:51.415728
38026000,0.3612,0,2022-05-26 00:01:51.415728
38025000,0.1338,0,2022-05-26 00:01:51.415728
38021000,0.0569,0,2022-05-26 00:01:51.415728
38046000,0.0479,1,2022-05-26 00:01:51.415728
38048000,0.0543,1,2022-05-26 00:01:51.415728
38052000,0.0572,1,2022-05-26 00:01:51.415728
38053000,0.0822,1,2022-05-26 00:01:51.415728
38055000,0.0549,1,2022-05-26 00:01:51.415728
38031000,0.0487,0,2022-05-26 00:01:52.465029
38029000,0.1989,0,2022-05-26 00:01:52.465029
38026000,0.3612,0,2022-05-26 00:01:52.465029
38025000,0.1338,0,2022-05-26 00:01:52.465029
38021000,0.0569,0,2022-05-26 00:01:52.465029
38046000,0.0479,1,2022-05-26 00:01:52.465029
38048000,0.0543,1,2022-05-26 00:01:52.465029
38052000,0.0572,1,2022-05-26 00:01:52.465029
38053000,0.0822,1,2022-05-26 00:01:52.465029
38055000,0.0549,1,2022-05-26 00:01:52.465029
38031000,0.0487,0,2022-05-26 00:01:53.509814
38029000,0.1989,0,2022-05-26 00:01:53.509814
38026000,0.3612,0,2022-05-26 00:01:53.509814
38025000,0.1338,0,2022-05-26 00:01:53.509814
38021000,0.0569,0,2022-05-26 00:01:53.509814
38046000,0.0479,1,2022-05-26 00:01:53.509814
38048000,0.0543,1,2022-05-26 00:01:53.509814
38052000,0.0572,1,2022-05-26 00:01:53.509814
38053000,0.0822,1,2022-05-26 00:01:53.509814
38055000,0.0549,1,2022-05-26 00:01:53.509814
38031000,0.0487,0,2022-05-26 00:01:54.558432
38029000,0.1989,0,2022-05-26 00:01:54.558432
38026000,0.3612,0,2022-05-26 00:01:54.558432
38025000,0.0551,0,2022-05-26 00:01:54.558432
38021000,0.0569,0,2022-05-26 00:01:54.558432
38044000,0.0763,1,2022-05-26 00:01:54.558432
38046000,0.0479,1,2022-05-26 00:01:54.558432
38048000,0.0543,1,2022-05-26 00:01:54.558432
38052000,0.0572,1,2022-05-26 00:01:54.558432
38053000,0.0822,1,2022-05-26 00:01:54.558432
38029000,0.0805,0,2022-05-26 00:01:55.605029
38026000,0.3612,0,2022-05-26 00:01:55.605029
38025000,0.0551,0,2022-05-26 00:01:55.605029
38021000,0.0569,0,2022-05-26 00:01:55.605029
38018000,0.4143,0,2022-05-26 00:01:55.605029
38046000,0.0479,1,2022-05-26 00:01:55.605029
38048000,0.0543,1,2022-05-26 00:01:55.605029
38052000,0.0572,1,2022-05-26 00:01:55.605029
38053000,0.0822,1,2022-05-26 00:01:55.605029
38055000,0.0549,1,2022-05-26 00:01:55.605029
38029000,0.1348,0,2022-05-26 00:01:56.654759
38026000,0.3612,0,2022-05-26 00:01:56.654759
38025000,0.0551,0,2022-05-26 00:01:56.654759
38021000,0.0569,0,2022-05-26 00:01:56.654759
38018000,0.4143,0,2022-05-26 00:01:56.654759
38046000,0.0479,1,2022-05-26 00:01:56.654759
38048000,0.0543,1,2022-05-26 00:01:56.654759
38050000,0.4138,1,2022-05-26 00:01:56.654759
38052000,0.0572,1,2022-05-26 00:01:56.654759
38053000,0.0822,1,2022-05-26 00:01:56.654759
38029000,0.1348,0,2022-05-26 00:01:57.706901
38026000,0.3612,0,2022-05-26 00:01:57.706901
38025000,0.0551,0,2022-05-26 00:01:57.706901
38021000,0.0569,0,2022-05-26 00:01:57.706901
38018000,0.4143,0,2022-05-26 00:01:57.706901
38046000,0.0479,1,2022-05-26 00:01:57.706901
38048000,0.0543,1,2022-05-26 00:01:57.706901
38050000,0.4138,1,2022-05-26 00:01:57.706901
38052000,0.0572,1,2022-05-26 00:01:57.706901
38053000,0.0822,1,2022-05-26 00:01:57.706901
38031000,0.0883,0,2022-05-26 00:01:58.751425
38029000,0.1348,0,2022-05-26 00:01:58.751425
38026000,0.3612,0,2022-05-26 00:01:58.751425
38025000,0.1337,0,2022-05-26 00:01:58.751425
38021000,0.0569,0,2022-05-26 00:01:58.751425
38048000,0.0543,1,2022-05-26 00:01:58.751425
38050000,0.4138,1,2022-05-26 00:01:58.751425
38052000,0.0572,1,2022-05-26 00:01:58.751425
38053000,0.0822,1,2022-05-26 00:01:58.751425
38055000,0.0549,1,2022-05-26 00:01:58.751425
38031000,0.0883,0,2022-05-26 00:01:59.803700
38029000,0.1348,0,2022-05-26 00:01:59.803700
38026000,0.3612,0,2022-05-26 00:01:59.803700
38025000,0.1337,0,2022-05-26 00:01:59.803700
38021000,0.0569,0,2022-05-26 00:01:59.803700
38048000,0.0543,1,2022-05-26 00:01:59.803700
38050000,0.4138,1,2022-05-26 00:01:59.803700
38052000,0.0572,1,2022-05-26 00:01:59.803700
38053000,0.0822,1,2022-05-26 00:01:59.803700
38055000,0.0549,1,2022-05-26 00:01:59.803700
38031000,0.0883,0,2022-05-26 00:02:00.858102
38029000,0.1348,0,2022-05-26 00:02:00.858102
38026000,0.3612,0,2022-05-26 00:02:00.858102
38025000,0.1337,0,2022-05-26 00:02:00.858102
38021000,0.0569,0,2022-05-26 00:02:00.858102
38046000,0.0194,1,2022-05-26 00:02:00.858102
38048000,0.0543,1,2022-05-26 00:02:00.858102
38050000,0.4138,1,2022-05-26 00:02:00.858102
38052000,0.0572,1,2022-05-26 00:02:00.858102
38053000,0.0822,1,2022-05-26 00:02:00.858102
38031000,0.0883,0,2022-05-26 00:02:01.922351
38029000,0.1348,0,2022-05-26 00:02:01.922351
38026000,0.9612,0,2022-05-26 00:02:01.922351
38025000,0.0551,0,2022-05-26 00:02:01.922351
38021000,0.0569,0,2022-05-26 00:02:01.922351
38044000,0.0657,1,2022-05-26 00:02:01.922351
38046000,0.0194,1,2022-05-26 00:02:01.922351
38048000,0.0543,1,2022-05-26 00:02:01.922351
38050000,0.4138,1,2022-05-26 00:02:01.922351
38052000,0.0572,1,2022-05-26 00:02:01.922351
38031000,0.081,0,2022-05-26 00:02:02.970457
38029000,0.1348,0,2022-05-26 00:02:02.970457
38026000,0.9612,0,2022-05-26 00:02:02.970457
38025000,0.0551,0,2022-05-26 00:02:02.970457
38021000,0.0569,0,2022-05-26 00:02:02.970457
38046000,0.0194,1,2022-05-26 00:02:02.970457
38048000,0.0543,1,2022-05-26 00:02:02.970457
38050000,0.4138,1,2022-05-26 00:02:02.970457
38052000,0.0572,1,2022-05-26 00:02:02.970457
38053000,0.0822,1,2022-05-26 00:02:02.970457
38031000,0.081,0,2022-05-26 00:02:04.029541
38030000,0.6,0,2022-05-26 00:02:04.029541
38029000,0.2162,0,2022-05-26 00:02:04.029541
38026000,0.3612,0,2022-05-26 00:02:04.029541
38025000,0.0551,0,2022-05-26 00:02:04.029541
38046000,0.0194,1,2022-05-26 00:02:04.029541
38048000,0.0543,1,2022-05-26 00:02:04.029541
38050000,0.4138,1,2022-05-26 00:02:04.029541
38052000,0.0572,1,2022-05-26 00:02:04.029541
38053000,0.0822,1,2022-05-26 00:02:04.029541
38031000,0.081,0,2022-05-26 00:02:05.075235
38029000,0.2162,0,2022-05-26 00:02:05.075235
38027000,0.6,0,2022-05-26 00:02:05.075235
38026000,0.3612,0,2022-05-26 00:02:05.075235
38025000,0.0551,0,2022-05-26 00:02:05.075235
38046000,0.0194,1,2022-05-26 00:02:05.075235
38048000,0.0543,1,2022-05-26 00:02:05.075235
38050000,0.4138,1,2022-05-26 00:02:05.075235
38052000,0.0572,1,2022-05-26 00:02:05.075235
38053000,0.0822,1,2022-05-26 00:02:05.075235
38031000,0.081,0,2022-05-26 00:02:06.120089
38029000,0.2162,0,2022-05-26 00:02:06.120089
38027000,0.6,0,2022-05-26 00:02:06.120089
38026000,0.3612,0,2022-05-26 00:02:06.120089
38025000,0.0551,0,2022-05-26 00:02:06.120089
38046000,0.0194,1,2022-05-26 00:02:06.120089
38048000,0.0543,1,2022-05-26 00:02:06.120089
38050000,0.4138,1,2022-05-26 00:02:06.120089
38052000,0.0572,1,2022-05-26 00:02:06.120089
38053000,0.0822,1,2022-05-26 00:02:06.120089
38031000,0.081,0,2022-05-26 00:02:07.175472
38029000,0.1348,0,2022-05-26 00:02:07.175472
38026000,0.3612,0,2022-05-26 00:02:07.175472
38025000,0.0551,0,2022-05-26 00:02:07.175472
38021000,0.0569,0,2022-05-26 00:02:07.175472
38044000,0.076,1,2022-05-26 00:02:07.175472
38046000,0.0194,1,2022-05-26 00:02:07.175472
38048000,0.1058,1,2022-05-26 00:02:07.175472
38050000,0.4138,1,2022-05-26 00:02:07.175472
38052000,0.0572,1,2022-05-26 00:02:07.175472
38031000,0.081,0,2022-05-26 00:02:08.232051
38029000,0.1348,0,2022-05-26 00:02:08.232051
38026000,0.3612,0,2022-05-26 00:02:08.232051
38025000,0.0551,0,2022-05-26 00:02:08.232051
38021000,0.0569,0,2022-05-26 00:02:08.232051
38044000,0.076,1,2022-05-26 00:02:08.232051
38046000,0.0194,1,2022-05-26 00:02:08.232051
38048000,0.1058,1,2022-05-26 00:02:08.232051
38050000,0.4138,1,2022-05-26 00:02:08.232051
38052000,0.0572,1,2022-05-26 00:02:08.232051
38031000,0.081,0,2022-05-26 00:02:09.292718
38029000,0.1348,0,2022-05-26 00:02:09.292718
38026000,0.3612,0,2022-05-26 00:02:09.292718
38025000,0.0551,0,2022-05-26 00:02:09.292718
38021000,0.0569,0,2022-05-26 00:02:09.292718
38044000,0.076,1,2022-05-26 00:02:09.292718
38046000,0.0194,1,2022-05-26 00:02:09.292718
38048000,0.1058,1,2022-05-26 00:02:09.292718
38050000,0.4138,1,2022-05-26 00:02:09.292718
38052000,0.0572,1,2022-05-26 00:02:09.292718
38031000,0.081,0,2022-05-26 00:02:10.338069
38029000,0.1348,0,2022-05-26 00:02:10.338069
38026000,0.3612,0,2022-05-26 00:02:10.338069
38025000,0.0551,0,2022-05-26 00:02:10.338069
38021000,0.0569,0,2022-05-26 00:02:10.338069
38044000,0.076,1,2022-05-26 00:02:10.338069
38046000,0.0194,1,2022-05-26 00:02:10.338069
38048000,0.1058,1,2022-05-26 00:02:10.338069
38050000,0.4138,1,2022-05-26 00:02:10.338069
38052000,0.0572,1,2022-05-26 00:02:10.338069
38031000,0.081,0,2022-05-26 00:02:11.395454
38029000,0.1348,0,2022-05-26 00:02:11.395454
38026000,0.3612,0,2022-05-26 00:02:11.395454
38025000,0.0551,0,2022-05-26 00:02:11.395454
38021000,0.0569,0,2022-05-26 00:02:11.395454
38044000,0.076,1,2022-05-26 00:02:11.395454
38046000,0.0194,1,2022-05-26 00:02:11.395454
38048000,0.1058,1,2022-05-26 00:02:11.395454
38050000,0.4138,1,2022-05-26 00:02:11.395454
38052000,0.0572,1,2022-05-26 00:02:11.395454
38031000,0.081,0,2022-05-26 00:02:12.442654
38029000,0.1348,0,2022-05-26 00:02:12.442654
38026000,0.3612,0,2022-05-26 00:02:12.442654
38025000,0.0551,0,2022-05-26 00:02:12.442654
38021000,0.0569,0,2022-05-26 00:02:12.442654
38044000,0.076,1,2022-05-26 00:02:12.442654
38046000,0.0194,1,2022-05-26 00:02:12.442654
38048000,0.1058,1,2022-05-26 00:02:12.442654
38050000,0.4138,1,2022-05-26 00:02:12.442654
38052000,0.0572,1,2022-05-26 00:02:12.442654
38031000,0.081,0,2022-05-26 00:02:13.490077
38029000,0.1348,0,2022-05-26 00:02:13.490077
38026000,0.3612,0,2022-05-26 00:02:13.490077
38025000,0.0551,0,2022-05-26 00:02:13.490077
38021000,0.0569,0,2022-05-26 00:02:13.490077
38044000,0.0508,1,2022-05-26 00:02:13.490077
38046000,0.0194,1,2022-05-26 00:02:13.490077
38048000,0.1058,1,2022-05-26 00:02:13.490077
38050000,0.4138,1,2022-05-26 00:02:13.490077
38052000,0.0572,1,2022-05-26 00:02:13.490077
38031000,0.081,0,2022-05-26 00:02:14.547329
38029000,0.1348,0,2022-05-26 00:02:14.547329
38026000,0.3612,0,2022-05-26 00:02:14.547329
38025000,0.0551,0,2022-05-26 00:02:14.547329
38021000,0.0569,0,2022-05-26 00:02:14.547329
38044000,0.0508,1,2022-05-26 00:02:14.547329
38046000,0.0194,1,2022-05-26 00:02:14.547329
38048000,0.1058,1,2022-05-26 00:02:14.547329
38050000,0.4138,1,2022-05-26 00:02:14.547329
38052000,0.0572,1,2022-05-26 00:02:14.547329
38031000,0.081,0,2022-05-26 00:02:15.592045
38029000,0.1348,0,2022-05-26 00:02:15.592045
38026000,0.3612,0,2022-05-26 00:02:15.592045
38025000,0.0551,0,2022-05-26 00:02:15.592045
38021000,0.0569,0,2022-05-26 00:02:15.592045
38044000,0.0508,1,2022-05-26 00:02:15.592045
38046000,0.0194,1,2022-05-26 00:02:15.592045
38048000,0.1058,1,2022-05-26 00:02:15.592045
38050000,0.4138,1,2022-05-26 00:02:15.592045
38052000,0.0572,1,2022-05-26 00:02:15.592045
38031000,0.081,0,2022-05-26 00:02:16.636160
38029000,0.1348,0,2022-05-26 00:02:16.636160
38026000,0.3612,0,2022-05-26 00:02:16.636160
38025000,0.0551,0,2022-05-26 00:02:16.636160
38021000,0.0569,0,2022-05-26 00:02:16.636160
38044000,0.05066858,1,2022-05-26 00:02:16.636160
38046000,0.0194,1,2022-05-26 00:02:16.636160
38048000,0.1058,1,2022-05-26 00:02:16.636160
38050000,0.4138,1,2022-05-26 00:02:16.636160
38052000,0.0572,1,2022-05-26 00:02:16.636160
38031000,0.081,0,2022-05-26 00:02:17.689683
38029000,0.1348,0,2022-05-26 00:02:17.689683
38026000,0.3612,0,2022-05-26 00:02:17.689683
38025000,0.0551,0,2022-05-26 00:02:17.689683
38021000,0.0569,0,2022-05-26 00:02:17.689683
38044000,0.05066858,1,2022-05-26 00:02:17.689683
38046000,0.0194,1,2022-05-26 00:02:17.689683
38048000,0.1058,1,2022-05-26 00:02:17.689683
38050000,0.4138,1,2022-05-26 00:02:17.689683
38052000,0.0572,1,2022-05-26 00:02:17.689683
38031000,0.081,0,2022-05-26 00:02:18.742054
38029000,0.1348,0,2022-05-26 00:02:18.742054
38026000,0.3612,0,2022-05-26 00:02:18.742054
38025000,0.0551,0,2022-05-26 00:02:18.742054
38021000,0.0569,0,2022-05-26 00:02:18.742054
38044000,0.05066858,1,2022-05-26 00:02:18.742054
38046000,0.0194,1,2022-05-26 00:02:18.742054
38048000,0.1058,1,2022-05-26 00:02:18.742054
38050000,0.4138,1,2022-05-26 00:02:18.742054
38052000,0.0572,1,2022-05-26 00:02:18.742054
38031000,0.081,0,2022-05-26 00:02:19.787936
38029000,0.1348,0,2022-05-26 00:02:19.787936
38026000,0.3612,0,2022-05-26 00:02:19.787936
38025000,0.0551,0,2022-05-26 00:02:19.787936
38021000,0.0569,0,2022-05-26 00:02:19.787936
38044000,0.05066858,1,2022-05-26 00:02:19.787936
38046000,0.0194,1,2022-05-26 00:02:19.787936
38048000,0.1058,1,2022-05-26 00:02:19.787936
38050000,0.4138,1,2022-05-26 00:02:19.787936
38052000,0.0572,1,2022-05-26 00:02:19.787936
38031000,0.081,0,2022-05-26 00:02:20.836062
38029000,0.1348,0,2022-05-26 00:02:20.836062
38026000,0.3612,0,2022-05-26 00:02:20.836062
38025000,0.0551,0,2022-05-26 00:02:20.836062
38021000,0.0569,0,2022-05-26 00:02:20.836062
38044000,0.05066858,1,2022-05-26 00:02:20.836062
38046000,0.0194,1,2022-05-26 00:02:20.836062
38048000,0.1058,1,2022-05-26 00:02:20.836062
38050000,0.4138,1,2022-05-26 00:02:20.836062
38052000,0.0572,1,2022-05-26 00:02:20.836062
38031000,0.081,0,2022-05-26 00:02:21.888977
38029000,0.1348,0,2022-05-26 00:02:21.888977
38026000,0.3612,0,2022-05-26 00:02:21.888977
38025000,0.0551,0,2022-05-26 00:02:21.888977
38021000,0.0569,0,2022-05-26 00:02:21.888977
38044000,0.05066858,1,2022-05-26 00:02:21.888977
38046000,0.0194,1,2022-05-26 00:02:21.888977
38048000,0.1058,1,2022-05-26 00:02:21.888977
38050000,0.4138,1,2022-05-26 00:02:21.888977
38052000,0.0572,1,2022-05-26 00:02:21.888977
38029000,0.1348,0,2022-05-26 00:02:22.936672
38026000,0.3612,0,2022-05-26 00:02:22.936672
38025000,0.0551,0,2022-05-26 00:02:22.936672
38021000,0.0569,0,2022-05-26 00:02:22.936672
38019000,0.6,0,2022-05-26 00:02:22.936672
38044000,0.05066858,1,2022-05-26 00:02:22.936672
38046000,0.0194,1,2022-05-26 00:02:22.936672
38048000,0.1058,1,2022-05-26 00:02:22.936672
38050000,0.4138,1,2022-05-26 00:02:22.936672
38052000,0.0572,1,2022-05-26 00:02:22.936672
38029000,0.1348,0,2022-05-26 00:02:23.985949
38028000,0.0408,0,2022-05-26 00:02:23.985949
38025000,0.0551,0,2022-05-26 00:02:23.985949
38021000,0.0569,0,2022-05-26 00:02:23.985949
38020000,0.6,0,2022-05-26 00:02:23.985949
38042000,0.0533,1,2022-05-26 00:02:23.985949
38043000,0.5254,1,2022-05-26 00:02:23.985949
38044000,0.03996858,1,2022-05-26 00:02:23.985949
38046000,0.0673,1,2022-05-26 00:02:23.985949
38048000,0.1058,1,2022-05-26 00:02:23.985949
38029000,0.1348,0,2022-05-26 00:02:25.031290
38028000,0.0408,0,2022-05-26 00:02:25.031290
38025000,0.0551,0,2022-05-26 00:02:25.031290
38021000,0.0569,0,2022-05-26 00:02:25.031290
38020000,0.6,0,2022-05-26 00:02:25.031290
38042000,0.0533,1,2022-05-26 00:02:25.031290
38043000,0.5254,1,2022-05-26 00:02:25.031290
38044000,0.03996858,1,2022-05-26 00:02:25.031290
38046000,0.0673,1,2022-05-26 00:02:25.031290
38048000,0.1058,1,2022-05-26 00:02:25.031290
38029000,0.1348,0,2022-05-26 00:02:26.080652
38028000,0.0408,0,2022-05-26 00:02:26.080652
38025000,0.0551,0,2022-05-26 00:02:26.080652
38021000,0.0569,0,2022-05-26 00:02:26.080652
38020000,0.6,0,2022-05-26 00:02:26.080652
38042000,0.0533,1,2022-05-26 00:02:26.080652
38043000,0.5254,1,2022-05-26 00:02:26.080652
38044000,0.03996858,1,2022-05-26 00:02:26.080652
38046000,0.0673,1,2022-05-26 00:02:26.080652
38048000,0.1058,1,2022-05-26 00:02:26.080652
38029000,0.1348,0,2022-05-26 00:02:27.134724
38028000,0.0408,0,2022-05-26 00:02:27.134724
38025000,0.0551,0,2022-05-26 00:02:27.134724
38021000,0.0569,0,2022-05-26 00:02:27.134724
38018000,0.4143,0,2022-05-26 00:02:27.134724
38040000,0.0578,1,2022-05-26 00:02:27.134724
38042000,0.0533,1,2022-05-26 00:02:27.134724
38044000,0.03996858,1,2022-05-26 00:02:27.134724
38046000,0.0673,1,2022-05-26 00:02:27.134724
38048000,0.1058,1,2022-05-26 00:02:27.134724
38029000,0.0663,0,2022-05-26 00:02:28.186450
38028000,0.0408,0,2022-05-26 00:02:28.186450
38025000,0.0551,0,2022-05-26 00:02:28.186450
38021000,0.0569,0,2022-05-26 00:02:28.186450
38018000,0.4143,0,2022-05-26 00:02:28.186450
38039000,0.5255,1,2022-05-26 00:02:28.186450
38040000,0.0578,1,2022-05-26 00:02:28.186450
38042000,0.0533,1,2022-05-26 00:02:28.186450
38044000,0.03996858,1,2022-05-26 00:02:28.186450
38046000,0.0673,1,2022-05-26 00:02:28.186450
38029000,0.0663,0,2022-05-26 00:02:29.243021
38028000,0.0408,0,2022-05-26 00:02:29.243021
38025000,0.0551,0,2022-05-26 00:02:29.243021
38021000,0.0569,0,2022-05-26 00:02:29.243021
38018000,1.0143,0,2022-05-26 00:02:29.243021
38039000,0.5255,1,2022-05-26 00:02:29.243021
38040000,0.0578,1,2022-05-26 00:02:29.243021
38041000,0.3931,1,2022-05-26 00:02:29.243021
38042000,0.0533,1,2022-05-26 00:02:29.243021
38046000,0.0673,1,2022-05-26 00:02:29.243021
38029000,0.0663,0,2022-05-26 00:02:30.287145
38028000,0.0408,0,2022-05-26 00:02:30.287145
38025000,0.0551,0,2022-05-26 00:02:30.287145
38021000,0.0569,0,2022-05-26 00:02:30.287145
38018000,1.0143,0,2022-05-26 00:02:30.287145
38039000,0.5255,1,2022-05-26 00:02:30.287145
38040000,0.0578,1,2022-05-26 00:02:30.287145
38041000,0.3931,1,2022-05-26 00:02:30.287145
38042000,0.0533,1,2022-05-26 00:02:30.287145
38046000,0.0673,1,2022-05-26 00:02:30.287145
38029000,0.0663,0,2022-05-26 00:02:31.336866
38028000,0.0408,0,2022-05-26 00:02:31.336866
38025000,0.0551,0,2022-05-26 00:02:31.336866
38021000,0.0569,0,2022-05-26 00:02:31.336866
38018000,1.0143,0,2022-05-26 00:02:31.336866
38039000,0.5255,1,2022-05-26 00:02:31.336866
38040000,0.0578,1,2022-05-26 00:02:31.336866
38041000,0.3931,1,2022-05-26 00:02:31.336866
38042000,0.0533,1,2022-05-26 00:02:31.336866
38046000,0.0673,1,2022-05-26 00:02:31.336866
38029000,0.1473,0,2022-05-26 00:02:32.386200
38028000,0.0408,0,2022-05-26 00:02:32.386200
38025000,0.0551,0,2022-05-26 00:02:32.386200
38021000,0.0569,0,2022-05-26 00:02:32.386200
38018000,1.0143,0,2022-05-26 00:02:32.386200
38038000,0.5255,1,2022-05-26 00:02:32.386200
38040000,0.0578,1,2022-05-26 00:02:32.386200
38041000,0.3931,1,2022-05-26 00:02:32.386200
38042000,0.0533,1,2022-05-26 00:02:32.386200
38046000,0.0673,1,2022-05-26 00:02:32.386200
38030000,0.0573,0,2022-05-26 00:02:33.446261
38029000,0.1473,0,2022-05-26 00:02:33.446261
38028000,0.0408,0,2022-05-26 00:02:33.446261
38027000,0.3934,0,2022-05-26 00:02:33.446261
38025000,0.0551,0,2022-05-26 00:02:33.446261
38046000,0.0673,1,2022-05-26 00:02:33.446261
38048000,0.1058,1,2022-05-26 00:02:33.446261
38050000,0.4138,1,2022-05-26 00:02:33.446261
38052000,0.0572,1,2022-05-26 00:02:33.446261
38053000,0.0822,1,2022-05-26 00:02:33.446261
38030000,0.0573,0,2022-05-26 00:02:34.510266
38029000,0.1473,0,2022-05-26 00:02:34.510266
38028000,0.0408,0,2022-05-26 00:02:34.510266
38027000,0.3934,0,2022-05-26 00:02:34.510266
38025000,0.0551,0,2022-05-26 00:02:34.510266
38046000,0.0673,1,2022-05-26 00:02:34.510266
38048000,0.1058,1,2022-05-26 00:02:34.510266
38050000,0.4138,1,2022-05-26 00:02:34.510266
38052000,0.0572,1,2022-05-26 00:02:34.510266
38053000,0.0822,1,2022-05-26 00:02:34.510266
38032000,0.0516,0,2022-05-26 00:02:35.568364
38030000,0.0573,0,2022-05-26 00:02:35.568364
38029000,0.1473,0,2022-05-26 00:02:35.568364
38028000,0.0408,0,2022-05-26 00:02:35.568364
38027000,0.3934,0,2022-05-26 00:02:35.568364
38046000,0.0673,1,2022-05-26 00:02:35.568364
38048000,0.1058,1,2022-05-26 00:02:35.568364
38050000,0.4138,1,2022-05-26 00:02:35.568364
38052000,0.0572,1,2022-05-26 00:02:35.568364
38053000,0.0822,1,2022-05-26 00:02:35.568364
38032000,0.0516,0,2022-05-26 00:02:36.618692
38030000,0.0573,0,2022-05-26 00:02:36.618692
38029000,0.1473,0,2022-05-26 00:02:36.618692
38028000,0.0408,0,2022-05-26 00:02:36.618692
38027000,0.3934,0,2022-05-26 00:02:36.618692
38046000,0.0673,1,2022-05-26 00:02:36.618692
38048000,0.1058,1,2022-05-26 00:02:36.618692
38050000,0.4138,1,2022-05-26 00:02:36.618692
38052000,0.0572,1,2022-05-26 00:02:36.618692
38053000,0.0822,1,2022-05-26 00:02:36.618692
38032000,0.0516,0,2022-05-26 00:02:37.668386
38030000,0.0573,0,2022-05-26 00:02:37.668386
38029000,0.1473,0,2022-05-26 00:02:37.668386
38028000,0.0408,0,2022-05-26 00:02:37.668386
38027000,0.3934,0,2022-05-26 00:02:37.668386
38046000,0.0673,1,2022-05-26 00:02:37.668386
38048000,0.1058,1,2022-05-26 00:02:37.668386
38050000,0.4138,1,2022-05-26 00:02:37.668386
38052000,0.0572,1,2022-05-26 00:02:37.668386
38053000,0.0822,1,2022-05-26 00:02:37.668386
38032000,0.0516,0,2022-05-26 00:02:38.720757
38030000,0.0573,0,2022-05-26 00:02:38.720757
38029000,0.1473,0,2022-05-26 00:02:38.720757
38028000,0.0408,0,2022-05-26 00:02:38.720757
38027000,0.3934,0,2022-05-26 00:02:38.720757
38046000,0.0673,1,2022-05-26 00:02:38.720757
38048000,0.1058,1,2022-05-26 00:02:38.720757
38050000,0.4138,1,2022-05-26 00:02:38.720757
38052000,0.0572,1,2022-05-26 00:02:38.720757
38053000,0.0822,1,2022-05-26 00:02:38.720757
38032000,0.0516,0,2022-05-26 00:02:39.769052
38030000,0.0573,0,2022-05-26 00:02:39.769052
38029000,0.1473,0,2022-05-26 00:02:39.769052
38028000,0.0408,0,2022-05-26 00:02:39.769052
38027000,0.3934,0,2022-05-26 00:02:39.769052
38046000,0.0673,1,2022-05-26 00:02:39.769052
38048000,0.1058,1,2022-05-26 00:02:39.769052
38050000,0.4138,1,2022-05-26 00:02:39.769052
38052000,0.0572,1,2022-05-26 00:02:39.769052
38053000,0.0822,1,2022-05-26 00:02:39.769052
38032000,0.0516,0,2022-05-26 00:02:40.829512
38030000,0.0573,0,2022-05-26 00:02:40.829512
38029000,0.1473,0,2022-05-26 00:02:40.829512
38028000,0.0408,0,2022-05-26 00:02:40.829512
38027000,0.3934,0,2022-05-26 00:02:40.829512
38046000,0.0673,1,2022-05-26 00:02:40.829512
38048000,0.1058,1,2022-05-26 00:02:40.829512
38050000,0.4138,1,2022-05-26 00:02:40.829512
38052000,0.0572,1,2022-05-26 00:02:40.829512
38053000,0.0822,1,2022-05-26 00:02:40.829512
38032000,0.0401,0,2022-05-26 00:02:41.872684
38030000,0.0573,0,2022-05-26 00:02:41.872684
38029000,0.1473,0,2022-05-26 00:02:41.872684
38028000,0.0408,0,2022-05-26 00:02:41.872684
38027000,0.3934,0,2022-05-26 00:02:41.872684
38046000,0.0194,1,2022-05-26 00:02:41.872684
38048000,0.1058,1,2022-05-26 00:02:41.872684
38050000,0.4138,1,2022-05-26 00:02:41.872684
38052000,0.0572,1,2022-05-26 00:02:41.872684
38055000,0.0549,1,2022-05-26 00:02:41.872684
38032000,0.0401,0,2022-05-26 00:02:42.923530
38030000,0.0573,0,2022-05-26 00:02:42.923530
38029000,0.1473,0,2022-05-26 00:02:42.923530
38028000,0.0408,0,2022-05-26 00:02:42.923530
38027000,0.3934,0,2022-05-26 00:02:42.923530
38046000,0.0194,1,2022-05-26 00:02:42.923530
38048000,0.1058,1,2022-05-26 00:02:42.923530
38050000,0.4138,1,2022-05-26 00:02:42.923530
38052000,0.0572,1,2022-05-26 00:02:42.923530
38055000,0.0549,1,2022-05-26 00:02:42.923530
38048000,0.423,0,2022-05-26 00:02:43.971069
38046000,0.0545,0,2022-05-26 00:02:43.971069
38045000,0.0571,0,2022-05-26 00:02:43.971069
38044000,0.5439,0,2022-05-26 00:02:43.971069
38043000,0.0302,0,2022-05-26 00:02:43.971069
38058000,0.0001,1,2022-05-26 00:02:43.971069
38061000,1.8,1,2022-05-26 00:02:43.971069
38063000,0.0568,1,2022-05-26 00:02:43.971069
38064000,0.0562,1,2022-05-26 00:02:43.971069
38066000,0.1054,1,2022-05-26 00:02:43.971069
38060000,0.1322,0,2022-05-26 00:02:45.016878
38059000,0.1325,0,2022-05-26 00:02:45.016878
38058000,0.5369,0,2022-05-26 00:02:45.016878
38050000,0.2959,0,2022-05-26 00:02:45.016878
38048000,0.0474,0,2022-05-26 00:02:45.016878
38061000,1.8,1,2022-05-26 00:02:45.016878
38070000,0.376,1,2022-05-26 00:02:45.016878
38073000,0.0477,1,2022-05-26 00:02:45.016878
38074000,0.0504,1,2022-05-26 00:02:45.016878
38076000,0.0516,1,2022-05-26 00:02:45.016878
38060000,0.2583,0,2022-05-26 00:02:46.254469
38059000,0.1898,0,2022-05-26 00:02:46.254469
38058000,0.5369,0,2022-05-26 00:02:46.254469
38057000,0.4056,0,2022-05-26 00:02:46.254469
38052000,0.0313,0,2022-05-26 00:02:46.254469
38061000,0.5706,1,2022-05-26 00:02:46.254469
38073000,0.0477,1,2022-05-26 00:02:46.254469
38074000,0.5758,1,2022-05-26 00:02:46.254469
38076000,0.0516,1,2022-05-26 00:02:46.254469
38078000,0.05,1,2022-05-26 00:02:46.254469
38060000,0.1322,0,2022-05-26 00:02:47.305801
38059000,0.1325,0,2022-05-26 00:02:47.305801
38058000,0.5369,0,2022-05-26 00:02:47.305801
38050000,0.2959,0,2022-05-26 00:02:47.305801
38048000,0.0474,0,2022-05-26 00:02:47.305801
38061000,1.8,1,2022-05-26 00:02:47.305801
38070000,0.376,1,2022-05-26 00:02:47.305801
38073000,0.0477,1,2022-05-26 00:02:47.305801
38074000,0.0504,1,2022-05-26 00:02:47.305801
38076000,0.0516,1,2022-05-26 00:02:47.305801
38062000,0.0782,0,2022-05-26 00:02:48.351681
38060000,0.1198,0,2022-05-26 00:02:48.351681
38059000,0.1325,0,2022-05-26 00:02:48.351681
38057000,0.4056,0,2022-05-26 00:02:48.351681
38055000,0.0322,0,2022-05-26 00:02:48.351681
38073000,0.0477,1,2022-05-26 00:02:48.351681
38074000,0.0504,1,2022-05-26 00:02:48.351681
38076000,0.0516,1,2022-05-26 00:02:48.351681
38078000,0.05,1,2022-05-26 00:02:48.351681
38080000,0.4234,1,2022-05-26 00:02:48.351681
38062000,0.0782,0,2022-05-26 00:02:49.399343
38060000,0.1198,0,2022-05-26 00:02:49.399343
38059000,0.1325,0,2022-05-26 00:02:49.399343
38057000,0.4056,0,2022-05-26 00:02:49.399343
38055000,0.0322,0,2022-05-26 00:02:49.399343
38073000,0.0477,1,2022-05-26 00:02:49.399343
38074000,0.0504,1,2022-05-26 00:02:49.399343
38076000,0.0516,1,2022-05-26 00:02:49.399343
38078000,0.05,1,2022-05-26 00:02:49.399343
38080000,0.4234,1,2022-05-26 00:02:49.399343
38060000,0.1198,0,2022-05-26 00:02:50.451141
38055000,0.0322,0,2022-05-26 00:02:50.451141
38050000,0.0809,0,2022-05-26 00:02:50.451141
38046000,0.6,0,2022-05-26 00:02:50.451141
38044000,0.1262,0,2022-05-26 00:02:50.451141
38071000,0.0312,1,2022-05-26 00:02:50.451141
38072000,0.5254,1,2022-05-26 00:02:50.451141
38073000,0.0477,1,2022-05-26 00:02:50.451141
38074000,0.0504,1,2022-05-26 00:02:50.451141
38076000,0.0516,1,2022-05-26 00:02:50.451141
38050000,0.0809,0,2022-05-26 00:02:51.498246
38047000,0.6,0,2022-05-26 00:02:51.498246
38044000,0.1262,0,2022-05-26 00:02:51.498246
38043000,0.0302,0,2022-05-26 00:02:51.498246
38042000,0.0495,0,2022-05-26 00:02:51.498246
38071000,0.0312,1,2022-05-26 00:02:51.498246
38072000,0.5254,1,2022-05-26 00:02:51.498246
38073000,0.0477,1,2022-05-26 00:02:51.498246
38074000,0.0504,1,2022-05-26 00:02:51.498246
38076000,0.0516,1,2022-05-26 00:02:51.498246
38052000,0.0801,0,2022-05-26 00:02:52.554022
38051000,0.6,0,2022-05-26 00:02:52.554022
38044000,0.1262,0,2022-05-26 00:02:52.554022
38043000,0.0302,0,2022-05-26 00:02:52.554022
38034000,0.6571,0,2022-05-26 00:02:52.554022
38071000,0.0312,1,2022-05-26 00:02:52.554022
38073000,0.0477,1,2022-05-26 00:02:52.554022
38074000,0.0504,1,2022-05-26 00:02:52.554022
38076000,0.0516,1,2022-05-26 00:02:52.554022
38078000,0.05,1,2022-05-26 00:02:52.554022
38054000,0.0791,0,2022-05-26 00:02:53.613210
38052000,0.0801,0,2022-05-26 00:02:53.613210
38045000,0.6,0,2022-05-26 00:02:53.613210
38044000,0.1262,0,2022-05-26 00:02:53.613210
38043000,0.0302,0,2022-05-26 00:02:53.613210
38071000,0.0312,1,2022-05-26 00:02:53.613210
38073000,0.0477,1,2022-05-26 00:02:53.613210
38074000,0.0504,1,2022-05-26 00:02:53.613210
38076000,0.0516,1,2022-05-26 00:02:53.613210
38078000,0.05,1,2022-05-26 00:02:53.613210
38054000,0.0791,0,2022-05-26 00:02:54.679753
38052000,0.0801,0,2022-05-26 00:02:54.679753
38045000,0.6,0,2022-05-26 00:02:54.679753
38044000,0.1262,0,2022-05-26 00:02:54.679753
38043000,0.0302,0,2022-05-26 00:02:54.679753
38071000,0.0312,1,2022-05-26 00:02:54.679753
38073000,0.5731,1,2022-05-26 00:02:54.679753
38074000,0.0504,1,2022-05-26 00:02:54.679753
38076000,0.0516,1,2022-05-26 00:02:54.679753
38077000,0.1279,1,2022-05-26 00:02:54.679753
38054000,0.0791,0,2022-05-26 00:02:55.724757
38052000,0.0801,0,2022-05-26 00:02:55.724757
38045000,0.6,0,2022-05-26 00:02:55.724757
38044000,0.1262,0,2022-05-26 00:02:55.724757
38043000,0.0302,0,2022-05-26 00:02:55.724757
38071000,0.0312,1,2022-05-26 00:02:55.724757
38073000,0.0477,1,2022-05-26 00:02:55.724757
38074000,0.0504,1,2022-05-26 00:02:55.724757
38076000,0.0516,1,2022-05-26 00:02:55.724757
38078000,0.05,1,2022-05-26 00:02:55.724757
38054000,0.0791,0,2022-05-26 00:02:56.769774
38052000,0.0801,0,2022-05-26 00:02:56.769774
38045000,0.6,0,2022-05-26 00:02:56.769774
38044000,0.1262,0,2022-05-26 00:02:56.769774
38043000,0.0302,0,2022-05-26 00:02:56.769774
38071000,0.0312,1,2022-05-26 00:02:56.769774
38073000,0.5731,1,2022-05-26 00:02:56.769774
38074000,0.0504,1,2022-05-26 00:02:56.769774
38076000,0.0516,1,2022-05-26 00:02:56.769774
38078000,0.1779,1,2022-05-26 00:02:56.769774
38052000,0.0801,0,2022-05-26 00:02:57.820738
38045000,0.6,0,2022-05-26 00:02:57.820738
38044000,0.1262,0,2022-05-26 00:02:57.820738
38043000,0.0302,0,2022-05-26 00:02:57.820738
38034000,0.1317,0,2022-05-26 00:02:57.820738
38071000,0.0312,1,2022-05-26 00:02:57.820738
38073000,0.0477,1,2022-05-26 00:02:57.820738
38074000,0.0504,1,2022-05-26 00:02:57.820738
38076000,0.0516,1,2022-05-26 00:02:57.820738
38077000,0.1279,1,2022-05-26 00:02:57.820738
38052000,0.0801,0,2022-05-26 00:02:58.864623
38045000,0.6,0,2022-05-26 00:02:58.864623
38044000,0.1262,0,2022-05-26 00:02:58.864623
38043000,0.0302,0,2022-05-26 00:02:58.864623
38034000,0.1317,0,2022-05-26 00:02:58.864623
38071000,0.0312,1,2022-05-26 00:02:58.864623
38073000,0.0477,1,2022-05-26 00:02:58.864623
38074000,0.0504,1,2022-05-26 00:02:58.864623
38075000,0.5254,1,2022-05-26 00:02:58.864623
38076000,0.0516,1,2022-05-26 00:02:58.864623
38052000,0.0801,0,2022-05-26 00:02:59.911471
38045000,0.6,0,2022-05-26 00:02:59.911471
38044000,0.1262,0,2022-05-26 00:02:59.911471
38043000,0.0302,0,2022-05-26 00:02:59.911471
38034000,0.1317,0,2022-05-26 00:02:59.911471
38069000,0.0478,1,2022-05-26 00:02:59.911471
38071000,0.0312,1,2022-05-26 00:02:59.911471
38073000,0.0477,1,2022-05-26 00:02:59.911471
38074000,0.0504,1,2022-05-26 00:02:59.911471
38075000,0.5254,1,2022-05-26 00:02:59.911471
38052000,0.0801,0,2022-05-26 00:03:00.958621
38045000,0.6,0,2022-05-26 00:03:00.958621
38044000,0.1262,0,2022-05-26 00:03:00.958621
38043000,0.0302,0,2022-05-26 00:03:00.958621
38034000,0.1317,0,2022-05-26 00:03:00.958621
38069000,0.0478,1,2022-05-26 00:03:00.958621
38071000,0.0312,1,2022-05-26 00:03:00.958621
38073000,0.0477,1,2022-05-26 00:03:00.958621
38074000,0.0504,1,2022-05-26 00:03:00.958621
38075000,0.5254,1,2022-05-26 00:03:00.958621
38054000,0.0765,0,2022-05-26 00:03:02.034286
38053000,0.0705,0,2022-05-26 00:03:02.034286
38052000,0.0801,0,2022-05-26 00:03:02.034286
38045000,0.6,0,2022-05-26 00:03:02.034286
38044000,0.1262,0,2022-05-26 00:03:02.034286
38074000,0.0504,1,2022-05-26 00:03:02.034286
38075000,0.5254,1,2022-05-26 00:03:02.034286
38076000,0.0516,1,2022-05-26 00:03:02.034286
38078000,0.0804,1,2022-05-26 00:03:02.034286
38080000,0.3982,1,2022-05-26 00:03:02.034286
38054000,0.0765,0,2022-05-26 00:03:03.080173
38053000,0.0705,0,2022-05-26 00:03:03.080173
38052000,0.0801,0,2022-05-26 00:03:03.080173
38045000,0.6,0,2022-05-26 00:03:03.080173
38044000,0.1262,0,2022-05-26 00:03:03.080173
38074000,0.0504,1,2022-05-26 00:03:03.080173
38075000,0.5254,1,2022-05-26 00:03:03.080173
38076000,0.0516,1,2022-05-26 00:03:03.080173
38078000,0.0804,1,2022-05-26 00:03:03.080173
38080000,0.3982,1,2022-05-26 00:03:03.080173
38054000,0.0049,0,2022-05-26 00:03:04.129360
38052000,0.0801,0,2022-05-26 00:03:04.129360
38046000,0.6,0,2022-05-26 00:03:04.129360
38045000,0.0726,0,2022-05-26 00:03:04.129360
38044000,0.0548,0,2022-05-26 00:03:04.129360
38070000,0.0819,1,2022-05-26 00:03:04.129360
38072000,0.534,1,2022-05-26 00:03:04.129360
38074000,0.0504,1,2022-05-26 00:03:04.129360
38076000,0.0516,1,2022-05-26 00:03:04.129360
38078000,0.0804,1,2022-05-26 00:03:04.129360
38054000,0.0049,0,2022-05-26 00:03:05.185882
38052000,0.0801,0,2022-05-26 00:03:05.185882
38045000,0.0726,0,2022-05-26 00:03:05.185882
38044000,0.6548,0,2022-05-26 00:03:05.185882
38043000,0.0302,0,2022-05-26 00:03:05.185882
38070000,0.0819,1,2022-05-26 00:03:05.185882
38072000,0.534,1,2022-05-26 00:03:05.185882
38074000,0.0504,1,2022-05-26 00:03:05.185882
38076000,0.0516,1,2022-05-26 00:03:05.185882
38078000,0.0804,1,2022-05-26 00:03:05.185882
38054000,0.0049,0,2022-05-26 00:03:06.238313
38052000,0.0801,0,2022-05-26 00:03:06.238313
38046000,0.6,0,2022-05-26 00:03:06.238313
38045000,0.0726,0,2022-05-26 00:03:06.238313
38044000,0.0548,0,2022-05-26 00:03:06.238313
38070000,0.0819,1,2022-05-26 00:03:06.238313
38072000,0.534,1,2022-05-26 00:03:06.238313
38074000,0.0504,1,2022-05-26 00:03:06.238313
38075000,0.5254,1,2022-05-26 00:03:06.238313
38076000,0.0516,1,2022-05-26 00:03:06.238313
38054000,0.0049,0,2022-05-26 00:03:07.285344
38052000,0.0801,0,2022-05-26 00:03:07.285344
38045000,0.0726,0,2022-05-26 00:03:07.285344
38044000,0.0548,0,2022-05-26 00:03:07.285344
38043000,0.0302,0,2022-05-26 00:03:07.285344
38070000,0.0819,1,2022-05-26 00:03:07.285344
38072000,0.534,1,2022-05-26 00:03:07.285344
38073000,0.1277,1,2022-05-26 00:03:07.285344
38074000,0.0504,1,2022-05-26 00:03:07.285344
38075000,0.5254,1,2022-05-26 00:03:07.285344
38054000,0.0144,0,2022-05-26 00:03:08.341348
38052000,0.0801,0,2022-05-26 00:03:08.341348
38045000,0.0726,0,2022-05-26 00:03:08.341348
38044000,0.0548,0,2022-05-26 00:03:08.341348
38043000,0.0302,0,2022-05-26 00:03:08.341348
38070000,0.0819,1,2022-05-26 00:03:08.341348
38072000,0.534,1,2022-05-26 00:03:08.341348
38074000,0.0504,1,2022-05-26 00:03:08.341348
38075000,0.1277,1,2022-05-26 00:03:08.341348
38076000,0.0516,1,2022-05-26 00:03:08.341348
38054000,0.0144,0,2022-05-26 00:03:09.560801
38052000,0.0801,0,2022-05-26 00:03:09.560801
38045000,0.0726,0,2022-05-26 00:03:09.560801
38044000,0.0548,0,2022-05-26 00:03:09.560801
38043000,0.0302,0,2022-05-26 00:03:09.560801
38070000,0.0819,1,2022-05-26 00:03:09.560801
38072000,0.534,1,2022-05-26 00:03:09.560801
38074000,0.0504,1,2022-05-26 00:03:09.560801
38076000,0.0516,1,2022-05-26 00:03:09.560801
38078000,0.0804,1,2022-05-26 00:03:09.560801
38054000,0.0144,0,2022-05-26 00:03:10.616230
38052000,0.0801,0,2022-05-26 00:03:10.616230
38046000,0.6,0,2022-05-26 00:03:10.616230
38045000,0.0726,0,2022-05-26 00:03:10.616230
38044000,0.0548,0,2022-05-26 00:03:10.616230
38070000,0.0694,1,2022-05-26 00:03:10.616230
38072000,0.534,1,2022-05-26 00:03:10.616230
38074000,0.0504,1,2022-05-26 00:03:10.616230
38076000,0.0516,1,2022-05-26 00:03:10.616230
38078000,0.0804,1,2022-05-26 00:03:10.616230
38054000,0.0144,0,2022-05-26 00:03:11.663696
38052000,0.0801,0,2022-05-26 00:03:11.663696
38046000,0.6,0,2022-05-26 00:03:11.663696
38045000,0.0726,0,2022-05-26 00:03:11.663696
38044000,0.0548,0,2022-05-26 00:03:11.663696
38070000,0.0694,1,2022-05-26 00:03:11.663696
38072000,0.534,1,2022-05-26 00:03:11.663696
38074000,0.0504,1,2022-05-26 00:03:11.663696
38076000,0.0516,1,2022-05-26 00:03:11.663696
38078000,0.0804,1,2022-05-26 00:03:11.663696
38054000,0.0144,0,2022-05-26 00:03:12.712942
38052000,0.0801,0,2022-05-26 00:03:12.712942
38046000,0.6,0,2022-05-26 00:03:12.712942
38045000,0.0726,0,2022-05-26 00:03:12.712942
38044000,0.0548,0,2022-05-26 00:03:12.712942
38070000,0.0694,1,2022-05-26 00:03:12.712942
38072000,0.534,1,2022-05-26 00:03:12.712942
38074000,0.0504,1,2022-05-26 00:03:12.712942
38076000,0.5770000000000001,1,2022-05-26 00:03:12.712942
38078000,0.0804,1,2022-05-26 00:03:12.712942
38054000,0.0144,0,2022-05-26 00:03:13.760821
38052000,0.0801,0,2022-05-26 00:03:13.760821
38045000,0.0726,0,2022-05-26 00:03:13.760821
38044000,0.6548,0,2022-05-26 00:03:13.760821
38043000,0.0302,0,2022-05-26 00:03:13.760821
38070000,0.0694,1,2022-05-26 00:03:13.760821
38072000,0.534,1,2022-05-26 00:03:13.760821
38074000,0.0504,1,2022-05-26 00:03:13.760821
38076000,0.5770000000000001,1,2022-05-26 00:03:13.760821
38078000,0.0804,1,2022-05-26 00:03:13.760821
38054000,0.0144,0,2022-05-26 00:03:14.816422
38052000,0.0801,0,2022-05-26 00:03:14.816422
38046000,0.6,0,2022-05-26 00:03:14.816422
38045000,0.0726,0,2022-05-26 00:03:14.816422
38044000,0.0548,0,2022-05-26 00:03:14.816422
38070000,0.0694,1,2022-05-26 00:03:14.816422
38072000,0.534,1,2022-05-26 00:03:14.816422
38074000,0.0504,1,2022-05-26 00:03:14.816422
38076000,0.0516,1,2022-05-26 00:03:14.816422
38078000,0.0804,1,2022-05-26 00:03:14.816422
38054000,0.2144,0,2022-05-26 00:03:15.875389
38052000,0.0801,0,2022-05-26 00:03:15.875389
38046000,0.6,0,2022-05-26 00:03:15.875389
38045000,0.0726,0,2022-05-26 00:03:15.875389
38044000,0.0548,0,2022-05-26 00:03:15.875389
38070000,0.0694,1,2022-05-26 00:03:15.875389
38072000,0.534,1,2022-05-26 00:03:15.875389
38074000,0.0504,1,2022-05-26 00:03:15.875389
38076000,0.0516,1,2022-05-26 00:03:15.875389
38078000,0.0804,1,2022-05-26 00:03:15.875389
38054000,0.2144,0,2022-05-26 00:03:16.932303
38052000,0.0801,0,2022-05-26 00:03:16.932303
38046000,0.6,0,2022-05-26 00:03:16.932303
38045000,0.0726,0,2022-05-26 00:03:16.932303
38044000,0.0548,0,2022-05-26 00:03:16.932303
38070000,0.0694,1,2022-05-26 00:03:16.932303
38072000,0.534,1,2022-05-26 00:03:16.932303
38074000,0.0504,1,2022-05-26 00:03:16.932303
38076000,0.0516,1,2022-05-26 00:03:16.932303
38078000,0.0804,1,2022-05-26 00:03:16.932303
38066000,0.0304,0,2022-05-26 00:03:17.983163
38065000,0.0316,0,2022-05-26 00:03:17.983163
38056000,0.1477,0,2022-05-26 00:03:17.983163
38054000,0.2144,0,2022-05-26 00:03:17.983163
38053000,0.6,0,2022-05-26 00:03:17.983163
38078000,0.0804,1,2022-05-26 00:03:17.983163
38080000,0.0493,1,2022-05-26 00:03:17.983163
38084000,0.0263,1,2022-05-26 00:03:17.983163
38085000,0.6158,1,2022-05-26 00:03:17.983163
38086000,0.0527,1,2022-05-26 00:03:17.983163
38066000,0.1099,0,2022-05-26 00:03:19.026282
38065000,0.0316,0,2022-05-26 00:03:19.026282
38057000,0.6,0,2022-05-26 00:03:19.026282
38056000,0.1477,0,2022-05-26 00:03:19.026282
38054000,0.2144,0,2022-05-26 00:03:19.026282
38078000,0.0304,1,2022-05-26 00:03:19.026282
38080000,0.0493,1,2022-05-26 00:03:19.026282
38084000,0.0263,1,2022-05-26 00:03:19.026282
38085000,0.6158,1,2022-05-26 00:03:19.026282
38086000,0.1079,1,2022-05-26 00:03:19.026282
38065000,0.0316,0,2022-05-26 00:03:20.069296
38057000,0.6,0,2022-05-26 00:03:20.069296
38056000,0.1034,0,2022-05-26 00:03:20.069296
38054000,0.2095,0,2022-05-26 00:03:20.069296
38052000,0.0304,0,2022-05-26 00:03:20.069296
38078000,0.03013739,1,2022-05-26 00:03:20.069296
38080000,0.0493,1,2022-05-26 00:03:20.069296
38084000,0.0263,1,2022-05-26 00:03:20.069296
38085000,0.6158,1,2022-05-26 00:03:20.069296
38086000,0.1079,1,2022-05-26 00:03:20.069296
38056000,0.0313,0,2022-05-26 00:03:21.112714
38055000,0.6,0,2022-05-26 00:03:21.112714
38054000,0.2095,0,2022-05-26 00:03:21.112714
38052000,0.0304,0,2022-05-26 00:03:21.112714
38045000,0.0726,0,2022-05-26 00:03:21.112714
38077000,0.1048,1,2022-05-26 00:03:21.112714
38078000,0.03013739,1,2022-05-26 00:03:21.112714
38080000,0.1333,1,2022-05-26 00:03:21.112714
38081000,0.4031,1,2022-05-26 00:03:21.112714
38084000,0.0263,1,2022-05-26 00:03:21.112714
38056000,0.0313,0,2022-05-26 00:03:22.157442
38054000,0.2095,0,2022-05-26 00:03:22.157442
38052000,0.0304,0,2022-05-26 00:03:22.157442
38046000,0.6,0,2022-05-26 00:03:22.157442
38045000,0.0726,0,2022-05-26 00:03:22.157442
38077000,0.1048,1,2022-05-26 00:03:22.157442
38078000,0.03013739,1,2022-05-26 00:03:22.157442
38080000,0.1333,1,2022-05-26 00:03:22.157442
38081000,0.4031,1,2022-05-26 00:03:22.157442
38084000,0.0263,1,2022-05-26 00:03:22.157442
38056000,0.0313,0,2022-05-26 00:03:23.200172
38054000,0.2095,0,2022-05-26 00:03:23.200172
38052000,0.0304,0,2022-05-26 00:03:23.200172
38046000,0.6,0,2022-05-26 00:03:23.200172
38045000,0.0726,0,2022-05-26 00:03:23.200172
38077000,0.1048,1,2022-05-26 00:03:23.200172
38078000,0.03013739,1,2022-05-26 00:03:23.200172
38080000,0.1333,1,2022-05-26 00:03:23.200172
38081000,0.4031,1,2022-05-26 00:03:23.200172
38084000,0.0263,1,2022-05-26 00:03:23.200172
38056000,0.0313,0,2022-05-26 00:03:24.248452
38054000,0.2095,0,2022-05-26 00:03:24.248452
38052000,0.0304,0,2022-05-26 00:03:24.248452
38046000,0.6,0,2022-05-26 00:03:24.248452
38045000,0.0726,0,2022-05-26 00:03:24.248452
38077000,0.1048,1,2022-05-26 00:03:24.248452
38078000,0.03013739,1,2022-05-26 00:03:24.248452
38080000,0.1333,1,2022-05-26 00:03:24.248452
38081000,0.4031,1,2022-05-26 00:03:24.248452
38083000,0.5254,1,2022-05-26 00:03:24.248452
38056000,0.0313,0,2022-05-26 00:03:25.297349
38054000,0.2095,0,2022-05-26 00:03:25.297349
38052000,0.0304,0,2022-05-26 00:03:25.297349
38046000,0.6,0,2022-05-26 00:03:25.297349
38045000,0.0726,0,2022-05-26 00:03:25.297349
38077000,0.1048,1,2022-05-26 00:03:25.297349
38078000,0.03013739,1,2022-05-26 00:03:25.297349
38080000,0.1333,1,2022-05-26 00:03:25.297349
38081000,0.4031,1,2022-05-26 00:03:25.297349
38083000,0.5254,1,2022-05-26 00:03:25.297349
38056000,0.0313,0,2022-05-26 00:03:26.360423
38054000,0.2095,0,2022-05-26 00:03:26.360423
38052000,0.0304,0,2022-05-26 00:03:26.360423
38046000,0.6,0,2022-05-26 00:03:26.360423
38045000,0.0726,0,2022-05-26 00:03:26.360423
38077000,0.1048,1,2022-05-26 00:03:26.360423
38078000,0.03013739,1,2022-05-26 00:03:26.360423
38080000,0.1333,1,2022-05-26 00:03:26.360423
38081000,0.4031,1,2022-05-26 00:03:26.360423
38084000,0.0263,1,2022-05-26 00:03:26.360423
38056000,0.0313,0,2022-05-26 00:03:27.407490
38055000,0.6,0,2022-05-26 00:03:27.407490
38054000,0.2944,0,2022-05-26 00:03:27.407490
38052000,0.0304,0,2022-05-26 00:03:27.407490
38045000,0.0726,0,2022-05-26 00:03:27.407490
38077000,0.1048,1,2022-05-26 00:03:27.407490
38078000,0.03013739,1,2022-05-26 00:03:27.407490
38080000,0.1333,1,2022-05-26 00:03:27.407490
38081000,0.4031,1,2022-05-26 00:03:27.407490
38084000,0.0263,1,2022-05-26 00:03:27.407490
38056000,0.0313,0,2022-05-26 00:03:28.461692
38055000,0.6,0,2022-05-26 00:03:28.461692
38054000,0.2944,0,2022-05-26 00:03:28.461692
38052000,0.0304,0,2022-05-26 00:03:28.461692
38045000,0.0726,0,2022-05-26 00:03:28.461692
38077000,0.1048,1,2022-05-26 00:03:28.461692
38078000,0.03013739,1,2022-05-26 00:03:28.461692
38080000,0.1333,1,2022-05-26 00:03:28.461692
38081000,0.4031,1,2022-05-26 00:03:28.461692
38084000,0.0263,1,2022-05-26 00:03:28.461692
38056000,0.0313,0,2022-05-26 00:03:29.506272
38055000,0.6,0,2022-05-26 00:03:29.506272
38054000,0.2944,0,2022-05-26 00:03:29.506272
38052000,0.0304,0,2022-05-26 00:03:29.506272
38045000,0.0726,0,2022-05-26 00:03:29.506272
38077000,0.1311,1,2022-05-26 00:03:29.506272
38078000,0.03013739,1,2022-05-26 00:03:29.506272
38080000,0.1333,1,2022-05-26 00:03:29.506272
38081000,0.4031,1,2022-05-26 00:03:29.506272
38084000,0.0263,1,2022-05-26 00:03:29.506272
38056000,0.0313,0,2022-05-26 00:03:30.553842
38055000,0.6,0,2022-05-26 00:03:30.553842
38054000,0.2944,0,2022-05-26 00:03:30.553842
38052000,0.0304,0,2022-05-26 00:03:30.553842
38045000,0.0726,0,2022-05-26 00:03:30.553842
38077000,0.0792,1,2022-05-26 00:03:30.553842
38078000,0.03013739,1,2022-05-26 00:03:30.553842
38080000,0.0493,1,2022-05-26 00:03:30.553842
38081000,0.4031,1,2022-05-26 00:03:30.553842
38084000,0.0263,1,2022-05-26 00:03:30.553842
38056000,0.0313,0,2022-05-26 00:03:31.611377
38054000,0.2944,0,2022-05-26 00:03:31.611377
38052000,0.0304,0,2022-05-26 00:03:31.611377
38046000,0.6,0,2022-05-26 00:03:31.611377
38045000,0.0726,0,2022-05-26 00:03:31.611377
38077000,0.0792,1,2022-05-26 00:03:31.611377
38078000,0.03013739,1,2022-05-26 00:03:31.611377
38081000,0.4031,1,2022-05-26 00:03:31.611377
38084000,0.0263,1,2022-05-26 00:03:31.611377
38085000,0.6699,1,2022-05-26 00:03:31.611377
38056000,0.0313,0,2022-05-26 00:03:32.654561
38054000,0.2944,0,2022-05-26 00:03:32.654561
38052000,0.0304,0,2022-05-26 00:03:32.654561
38046000,0.6,0,2022-05-26 00:03:32.654561
38045000,0.0726,0,2022-05-26 00:03:32.654561
38077000,0.0486,1,2022-05-26 00:03:32.654561
38078000,0.03013739,1,2022-05-26 00:03:32.654561
38081000,0.4031,1,2022-05-26 00:03:32.654561
38084000,0.5517,1,2022-05-26 00:03:32.654561
38085000,0.6699,1,2022-05-26 00:03:32.654561
38056000,0.0313,0,2022-05-26 00:03:33.710051
38054000,0.2095,0,2022-05-26 00:03:33.710051
38052000,0.0304,0,2022-05-26 00:03:33.710051
38045000,0.0726,0,2022-05-26 00:03:33.710051
38043000,0.0302,0,2022-05-26 00:03:33.710051
38077000,0.1313,1,2022-05-26 00:03:33.710051
38078000,0.03013739,1,2022-05-26 00:03:33.710051
38081000,0.4031,1,2022-05-26 00:03:33.710051
38084000,0.5517,1,2022-05-26 00:03:33.710051
38085000,0.6699,1,2022-05-26 00:03:33.710051
38057000,0.0001,0,2022-05-26 00:03:34.766204
38056000,0.0313,0,2022-05-26 00:03:34.766204
38054000,0.2095,0,2022-05-26 00:03:34.766204
38052000,0.0304,0,2022-05-26 00:03:34.766204
38045000,0.0726,0,2022-05-26 00:03:34.766204
38076000,0.063,1,2022-05-26 00:03:34.766204
38077000,0.1313,1,2022-05-26 00:03:34.766204
38078000,0.03013739,1,2022-05-26 00:03:34.766204
38081000,0.4031,1,2022-05-26 00:03:34.766204
38084000,0.0263,1,2022-05-26 00:03:34.766204
38057000,0.0001,0,2022-05-26 00:03:35.813945
38056000,0.0313,0,2022-05-26 00:03:35.813945
38054000,0.2095,0,2022-05-26 00:03:35.813945
38052000,0.0304,0,2022-05-26 00:03:35.813945
38045000,0.0726,0,2022-05-26 00:03:35.813945
38076000,0.063,1,2022-05-26 00:03:35.813945
38077000,0.1313,1,2022-05-26 00:03:35.813945
38078000,0.03013739,1,2022-05-26 00:03:35.813945
38081000,0.4031,1,2022-05-26 00:03:35.813945
38084000,0.0263,1,2022-05-26 00:03:35.813945
38056000,0.0253,0,2022-05-26 00:03:36.862529
38054000,0.2095,0,2022-05-26 00:03:36.862529
38052000,0.0304,0,2022-05-26 00:03:36.862529
38045000,0.0726,0,2022-05-26 00:03:36.862529
38043000,0.0302,0,2022-05-26 00:03:36.862529
38076000,0.063,1,2022-05-26 00:03:36.862529
38077000,0.1644,1,2022-05-26 00:03:36.862529
38078000,0.03013739,1,2022-05-26 00:03:36.862529
38081000,0.4031,1,2022-05-26 00:03:36.862529
38084000,0.0263,1,2022-05-26 00:03:36.862529
38056000,0.0253,0,2022-05-26 00:03:37.909750
38054000,0.2904,0,2022-05-26 00:03:37.909750
38052000,0.0304,0,2022-05-26 00:03:37.909750
38045000,0.0726,0,2022-05-26 00:03:37.909750
38043000,0.0302,0,2022-05-26 00:03:37.909750
38076000,0.063,1,2022-05-26 00:03:37.909750
38077000,0.1644,1,2022-05-26 00:03:37.909750
38078000,0.03013739,1,2022-05-26 00:03:37.909750
38081000,0.4031,1,2022-05-26 00:03:37.909750
38084000,0.0263,1,2022-05-26 00:03:37.909750
38056000,0.0253,0,2022-05-26 00:03:38.962046
38054000,0.2904,0,2022-05-26 00:03:38.962046
38052000,0.0304,0,2022-05-26 00:03:38.962046
38046000,0.6,0,2022-05-26 00:03:38.962046
38045000,0.0726,0,2022-05-26 00:03:38.962046
38076000,0.063,1,2022-05-26 00:03:38.962046
38077000,0.192,1,2022-05-26 00:03:38.962046
38078000,0.03013739,1,2022-05-26 00:03:38.962046
38081000,0.4031,1,2022-05-26 00:03:38.962046
38084000,0.0263,1,2022-05-26 00:03:38.962046
38056000,0.0252,0,2022-05-26 00:03:40.014462
38054000,0.2904,0,2022-05-26 00:03:40.014462
38052000,0.0304,0,2022-05-26 00:03:40.014462
38046000,0.6,0,2022-05-26 00:03:40.014462
38045000,0.0726,0,2022-05-26 00:03:40.014462
38075000,0.5255,1,2022-05-26 00:03:40.014462
38076000,0.063,1,2022-05-26 00:03:40.014462
38077000,0.192,1,2022-05-26 00:03:40.014462
38078000,0.03013739,1,2022-05-26 00:03:40.014462
38079000,0.0803,1,2022-05-26 00:03:40.014462
38056000,0.0252,0,2022-05-26 00:03:41.064986
38054000,0.2904,0,2022-05-26 00:03:41.064986
38052000,0.0304,0,2022-05-26 00:03:41.064986
38046000,0.6,0,2022-05-26 00:03:41.064986
38045000,0.0726,0,2022-05-26 00:03:41.064986
38075000,0.5255,1,2022-05-26 00:03:41.064986
38076000,0.063,1,2022-05-26 00:03:41.064986
38077000,0.192,1,2022-05-26 00:03:41.064986
38078000,0.03013739,1,2022-05-26 00:03:41.064986
38079000,0.0803,1,2022-05-26 00:03:41.064986
38056000,0.0252,0,2022-05-26 00:03:42.131071
38054000,0.2904,0,2022-05-26 00:03:42.131071
38052000,0.0304,0,2022-05-26 00:03:42.131071
38046000,0.6,0,2022-05-26 00:03:42.131071
38045000,0.0726,0,2022-05-26 00:03:42.131071
38075000,0.5102,1,2022-05-26 00:03:42.131071
38076000,0.063,1,2022-05-26 00:03:42.131071
38077000,0.192,1,2022-05-26 00:03:42.131071
38078000,0.03013739,1,2022-05-26 00:03:42.131071
38079000,0.0803,1,2022-05-26 00:03:42.131071
38056000,0.0252,0,2022-05-26 00:03:43.366978
38054000,0.2904,0,2022-05-26 00:03:43.366978
38052000,0.0304,0,2022-05-26 00:03:43.366978
38046000,0.6,0,2022-05-26 00:03:43.366978
38045000,0.0726,0,2022-05-26 00:03:43.366978
38075000,0.5102,1,2022-05-26 00:03:43.366978
38076000,0.063,1,2022-05-26 00:03:43.366978
38077000,0.192,1,2022-05-26 00:03:43.366978
38078000,0.03013739,1,2022-05-26 00:03:43.366978
38079000,0.0803,1,2022-05-26 00:03:43.366978
38056000,0.0252,0,2022-05-26 00:03:44.417038
38054000,0.2904,0,2022-05-26 00:03:44.417038
38052000,0.0304,0,2022-05-26 00:03:44.417038
38046000,0.6,0,2022-05-26 00:03:44.417038
38045000,0.0726,0,2022-05-26 00:03:44.417038
38075000,0.5102,1,2022-05-26 00:03:44.417038
38076000,0.063,1,2022-05-26 00:03:44.417038
38077000,0.192,1,2022-05-26 00:03:44.417038
38078000,0.03013739,1,2022-05-26 00:03:44.417038
38079000,0.0803,1,2022-05-26 00:03:44.417038
38056000,0.0355,0,2022-05-26 00:03:45.462252
38054000,0.2904,0,2022-05-26 00:03:45.462252
38052000,0.0304,0,2022-05-26 00:03:45.462252
38047000,0.6,0,2022-05-26 00:03:45.462252
38045000,0.0726,0,2022-05-26 00:03:45.462252
38075000,0.5102,1,2022-05-26 00:03:45.462252
38076000,0.063,1,2022-05-26 00:03:45.462252
38077000,0.192,1,2022-05-26 00:03:45.462252
38078000,0.03013739,1,2022-05-26 00:03:45.462252
38079000,0.0803,1,2022-05-26 00:03:45.462252
38057000,0.0001,0,2022-05-26 00:03:46.520501
38056000,0.0313,0,2022-05-26 00:03:46.520501
38054000,0.2095,0,2022-05-26 00:03:46.520501
38052000,0.0304,0,2022-05-26 00:03:46.520501
38045000,0.0726,0,2022-05-26 00:03:46.520501
38076000,0.063,1,2022-05-26 00:03:46.520501
38077000,0.1313,1,2022-05-26 00:03:46.520501
38078000,0.03013739,1,2022-05-26 00:03:46.520501
38081000,0.4031,1,2022-05-26 00:03:46.520501
38084000,0.0263,1,2022-05-26 00:03:46.520501
38057000,0.0001,0,2022-05-26 00:03:47.571873
38056000,0.0313,0,2022-05-26 00:03:47.571873
38054000,0.2095,0,2022-05-26 00:03:47.571873
38052000,0.0304,0,2022-05-26 00:03:47.571873
38045000,0.0726,0,2022-05-26 00:03:47.571873
38076000,0.063,1,2022-05-26 00:03:47.571873
38077000,0.1313,1,2022-05-26 00:03:47.571873
38078000,0.03013739,1,2022-05-26 00:03:47.571873
38081000,0.4031,1,2022-05-26 00:03:47.571873
38084000,0.0263,1,2022-05-26 00:03:47.571873
38043000,0.0302,0,2022-05-26 00:03:48.620696
38035000,0.6,0,2022-05-26 00:03:48.620696
38034000,0.0778,0,2022-05-26 00:03:48.620696
38033000,0.0328,0,2022-05-26 00:03:48.620696
38030000,0.6,0,2022-05-26 00:03:48.620696
38071000,0.0503,1,2022-05-26 00:03:48.620696
38073000,0.4691,1,2022-05-26 00:03:48.620696
38076000,0.063,1,2022-05-26 00:03:48.620696
38077000,0.2441,1,2022-05-26 00:03:48.620696
38078000,0.03013739,1,2022-05-26 00:03:48.620696
38045000,0.0317,0,2022-05-26 00:03:49.668603
38034000,0.0778,0,2022-05-26 00:03:49.668603
38033000,0.0328,0,2022-05-26 00:03:49.668603
38031000,0.5998,0,2022-05-26 00:03:49.668603
38029000,0.081,0,2022-05-26 00:03:49.668603
38069000,0.1371,1,2022-05-26 00:03:49.668603
38071000,0.0503,1,2022-05-26 00:03:49.668603
38072000,0.5255,1,2022-05-26 00:03:49.668603
38073000,0.4691,1,2022-05-26 00:03:49.668603
38076000,0.063,1,2022-05-26 00:03:49.668603
38047000,0.032,0,2022-05-26 00:03:50.735292
38034000,0.0778,0,2022-05-26 00:03:50.735292
38033000,0.0328,0,2022-05-26 00:03:50.735292
38031000,0.5998,0,2022-05-26 00:03:50.735292
38029000,0.081,0,2022-05-26 00:03:50.735292
38067000,0.3531,1,2022-05-26 00:03:50.735292
38069000,0.1371,1,2022-05-26 00:03:50.735292
38071000,0.0503,1,2022-05-26 00:03:50.735292
38072000,0.5255,1,2022-05-26 00:03:50.735292
38073000,0.4691,1,2022-05-26 00:03:50.735292
38043000,0.0318,0,2022-05-26 00:03:51.789209
38034000,0.0778,0,2022-05-26 00:03:51.789209
38033000,0.0328,0,2022-05-26 00:03:51.789209
38029000,0.6066,0,2022-05-26 00:03:51.789209
38025000,0.6,0,2022-05-26 00:03:51.789209
38065000,0.1411,1,2022-05-26 00:03:51.789209
38067000,0.4312,1,2022-05-26 00:03:51.789209
38069000,0.1371,1,2022-05-26 00:03:51.789209
38070000,0.1292,1,2022-05-26 00:03:51.789209
38071000,0.6503,1,2022-05-26 00:03:51.789209
38034000,0.0778,0,2022-05-26 00:03:52.834023
38033000,0.0328,0,2022-05-26 00:03:52.834023
38029000,0.6066,0,2022-05-26 00:03:52.834023
38026000,0.5988,0,2022-05-26 00:03:52.834023
38025000,0.6,0,2022-05-26 00:03:52.834023
38065000,0.1411,1,2022-05-26 00:03:52.834023
38067000,0.4312,1,2022-05-26 00:03:52.834023
38069000,0.1371,1,2022-05-26 00:03:52.834023
38070000,0.063,1,2022-05-26 00:03:52.834023
38071000,0.7795,1,2022-05-26 00:03:52.834023
38036000,0.0324,0,2022-05-26 00:03:53.886834
38034000,0.0778,0,2022-05-26 00:03:53.886834
38033000,0.0328,0,2022-05-26 00:03:53.886834
38029000,0.6066,0,2022-05-26 00:03:53.886834
38025000,0.6,0,2022-05-26 00:03:53.886834
38063000,0.4003,1,2022-05-26 00:03:53.886834
38065000,0.1411,1,2022-05-26 00:03:53.886834
38067000,0.4312,1,2022-05-26 00:03:53.886834
38068000,1.1256,1,2022-05-26 00:03:53.886834
38069000,0.1371,1,2022-05-26 00:03:53.886834
38036000,0.0324,0,2022-05-26 00:03:54.933278
38034000,0.0778,0,2022-05-26 00:03:54.933278
38033000,0.0328,0,2022-05-26 00:03:54.933278
38029000,0.6066,0,2022-05-26 00:03:54.933278
